2856 5012
596 426 654 517 ’17

65 614 165 701 (ffl-
177 613 229 695 ’2,’
245 615 283 680 ιδ.
297 615 382 680 uret
400 614 423 678 2
438 611 519 691 neg.
540 609 602 693 24,
625 607 695 692 14.)
716 607 859 692 originem
877 593 1010 682 duxisse.
1053 597 1096 686 ita
1111 595 1185 686 iti..

69 715 169 782 cilius
192 723 304 798 qnoque
331 722 425 795 potest
439 709 601 794 intelligi,
616 707 779 793 'quomodo'
794 713 1008 784 Mordeclraens
1036 743 1055 786 a
1084 728 1167 807 potin

67 823 169 903 regia
190 823 229 882 ad
244 831 392 904 summpm
413 818 500 879 totins
522 813 636 897 imperii
658 817 754 879 locum
777 819 903 885 transire
924 835 951 885 et
974 835 1053 888 tanto
1073 830 1167 909 oneri,

54 921 323 1009 =ipuemadnodrrrr
342 920 375 982 i'n
390 919 530 982 'clausula
548 917 618 980 libri
641 916 791 1000 laudatur,
819 941 873 1001 par
894 943 960 987 esse
982 919 1128 1005 potnerit·

77 1055 82 1069 ·
125 1037 130 1046 '
188 1023 258 1088 Non
278 1021 371 1086 selom
393 1020 553 1084 aurlieornm
570 1019 763 1082 conditionem
785 1021 866 1083 novit
882 1023 1037 1090 historicus
1059 1029 1189 1110 noster,

61 1131 132 1194 ¹sed
150 1126 365 1208 praefectorum
383 1123 487 1202 etiam,
514 1121 562 1202 qni
584 1121 742 1204 provinciis
765 1133 863 1206 esseut
882 1121 1058 1210 praepositi,
1077 1121 1177 1193 'rroti-'

74 1233 155 1294 tiam
173 1231 274 1292 habet.
316 1227 444 1290 Primum
466 1233 564 1287 certus
587 1223 703 1305 quidam
725 1227 797 1286 ordo
817 1227 848 1286 in
868 1228 969 1297 ¹tribus
989 1251 1087 1294 corum
1110 1253 1167 1313 ge·

66 1333 203 1397 neribus
238 1331 428 1410 designandis
466 1319 731 1428 deprehenditim
760 1328 824 1390 itti
855 1331 931 1393 enirn
962 1333 1054 1396 edicta
1080 1326 1178 1415 regia
1292 1323 1295 1330 ’

81 1433 117 1496 in
144 1431 310 1514 prouincias
339 1431 477 1492 mittenda
505 1438 534 1490 et
562 1428 638 1490 inter
667 1426 831 1506 praefectos
859 1429 1059 1496 distribuendo
1086 1439 1167 1496 com-

70 1541 298 1610 memorentur,
332 1530 494 1594 itu'verie
529 1528 646 1590 nomina
681 1540 862 1609 sequnntur:
906 1546 1014 1612 *nune
1039 1519 1181 1612 ‘new'

82 1641 322 1716 ntpmwme
344 1624 382 1712 3',
400 1634 451 1698 12.
474 1631 786 1711 8,19.2Postremum
807 1607 981 1696 vocalu'dum
1001 1609 1083 1697 nulia
1097 1648 1166 1718 eget
1283 1629 1286 1636 ⁴
1357 1703 1360 1710 ,

80 1737 356 1816 demonstratione,
375 1744 419 1798 est
441 1733 518 1796 enim
540 1719 758 1796 universorum
775 1737 812 1795 ad
835 1737 965 1816 quemvis
988 1739 1166 1818 praelectum

81 1833 296 1924 designandum
321 1849 434 1922 aptum.
475 1839 541 1901 Duo
569 1850 663 1900 autem
692 1839 810 1922 'reliqna
837 1841 903 1921 ipsa
932 1843 1027 1906 forma
1057 1867 1112 1910 sua
1137 1829 1177 1908 et*

82 1967 143 2008 usn
164 1949 200 2008 ad
222 1947 375 2007 Persarum
396 1944 549 2023 imperinm
572 1963 625 2004 uos
649 1946 763 2008 ducunt.
809 1943 897 2032 yocis
926 1919 1165 2028 mximum&

85 2069 176 2112 sonus
198 2047 294 2132 statim
308 2049 346 2110 -in
361 2056 482 2109 mentem
496 2055 614 2109 revocat
632 2045 810 2108 Graecorum
831 2043 1007 2134 σατράπης
1028 2053 1063 2112 de
1077 2071 1166 2130 prae-

86 2152 170 2215 fectis
189 2151 342 2214 Persarum
373 2149 749 2230 nomeuusitatissimnm,
779 2169 872 2234 neque
899 2171 968 2213 vero
999 2153 1071 2215 haec
1100 2137 1165 2216 soni

79 2253 240 2320 'similitudo
260 2241 312 2318 nos
333 2249 426 2334 stitit,
448 2271 515 2316 nam
543 2252 575 2315 si·
590 2252 714 2315 aliarum
743 2272 845 2316 vocum
865 2263 897 2316 ut
918 2267 1112 2333 umpwme
1136 2265 1166 2318 et
1222 2319 1227 2330 ,

86 2361 327 2451 numum-pp,
359 2375 434 2439 qnae
457 2357 576 2418 eaedem
602 2355 635 2417 in
667 2355 742 2418 libro
760 2366 858 2420 nostro
879 2357 1083 2434 inveniuntur,
1114 2377 1165 2420 sca

87 2461 200 2542 quimur
224 2460 382 2538 rationem,
412 2457 572 2520 doctissimi
601 2461 637 2520 de
655 2457 733 2542 Sacy
762 2460 921 2540 sententia,
947 2460 1034 2522 ‚illam
1063 2481 1165 2525 vocem

87 2563 294 2626 cx·Persorum
317 2563 588 2640 ksilretr-ban,
611 2571 837 2642 temperamento
858 2565 981 2646 quodam
1003 2567 1039 2626 ad
1062 2567 1164 2642 duram

86 2665 343 2749 pronuntiationem
371 2662 572 2730 emolliendam
600 2653 760 2748 adirilrito,'
782 2688 848 2731 esse
870 2679 974 2756 ortam
987 2667 1032 2749 (v.
1055 2669 1163 2734 Geseri.

87 2790 114 2832 s.
134 2768 179 2850 u.)
199 2785 389 2848 permagnam
415 2765 504 2828 hahet
524 2767 766 2846 probabilitatem
829 2768 944 2831 Deinde
967 2770 1047 2832 vocis
1080 2779 1164 2848 ,7172

87 2869 169 2950 origo
189 2866 326 2946 Persica,
358 2867 490 2948 quamvis
512 2865 565 2929 vix
585 2869 678 2946 possit
703 2863 847 2950 dubitari,
880 2869 977 2934 minus
1001 2881 1096 2933 tamen
1121 2879 1165 2932 est

81 2955 245 3055 perspicua.
264 2966 294 3052 *l
338 2955 501 3048 'Quidquid
529 2975 624 3030 colem
657 2954 705 3030 alr
725 2970 781 3031 hue
809 2979 890 3052 parte
919 2973 1014 3053 deest,
1049 2973 1164 3050 abunde

88 3071 235 3156 multipiici
263 3071 349 3134 hunius
376 3069 452 3132 tituli
473 3091 527 3134 usn
548 3083 752 3154 compensatur
782 3069 831 3159 (v.
852 3067 922 3138 Esr.
943 3077 982 3152 5,
1005 3073 1036 3140 3.
1059 3073 1111 3138 14.
1132 3073 1170 3152 6.
1247 3077 1250 3094 “

87 3178 120 3246 7.
152 3175 227 3256 lter.
248 3162 360 3256 o‚'14.
379 3175 434 3242 18.
468 3174 572 3256 flagg.
595 3175 633 3256 1,
657 3173 764 3242 1.14.
802 3179 841 3257 2,
862 3180 894 3243 2.
915 3175 997 3262 21.).
1028 3165 1164 3238 ‘Deinde

90 3283 261 3368 quamquam
287 3284 356 3343 ordo
384 3281 487 3344 luorum
517 3282 682 3362 titulorum,
718 3297 804 3364 quem
838 3301 928 3363 supra
962 3269 1164 3362 iudicauimus,

87 3385 152 3451 'sinc
171 3385 255 3448 dubio
276 3383 425 3463 legitimus
445 3385 516 3465 fuit,
539 3395 636 3448 tamen
657 3387 689 3448 iu
703 3386 758 3454 hac
778 3403 810 3447 re
825 3383 905 3447 nnlla
926 3385 1051 3446 cernitur
1066 3395 1165 3446 ostoun

90 3485 166 3550 tatio.
207 3485 282 3548 Nam
305 3481 355 3546 ulri
378 3495 494 3564 propter
514 3485 671 3548 edictorum
691 3485 865 3550 mentionem
887 3485 1030 3548 formulae
1051 3486 1165 3547 solenni

91 3589 318 3650 non'ddstrietus
341 3595 386 3650 cst
407 3585 532 3668 scriptor
551 3599 667 3667 noster,
688 3589 821 3654 libertate
845 3588 931 3649 ntitnr
953 3589 985 3649 iu
1009 3583 1165 3669 praelectis

94 3691 287 3770 designandis.
341 3689 416 3758 Cum
446 3691 596 3776 explicare
622 3693 699 3774 vult,
732 3694 873 3776 quomodo
900 3691 1009 3754 iactum
1037 3691 1093 3771 sit,
1135 3707 1165 3753 ut
1256 3773 1258 3778 Α

93 3793 211 3888 Persae,
235 3797 417 3875 'quamquam
444 3815 495 3885 per
525 3797 651 3860 edictum
676 3795 821 3858 Humanis
849 3793 996 3856 licentiam
1025 3795 1164 3857 habereut

93 3893 206 3960 ludaeos
228 3893 433 3976 aggrediendi,
453 3892 550 3962 tamen
572 3895 751 3962 aduersariis
773 3893 834 3956 suis
856 3904 1023 3975 parcerent,
1048 3896 1088 3959 ita
1111 3912 1165 3960 ca-

93 3997 137 4062 ria
167 3998 197 4061 in
233 3991 391 4080 provinciis
424 4019 546 4064 monera
575 3999 734 4064 describit:
784 4007 958 4076 aarum
993 4007 1069 4078 tum
1106 3985 1162 4076 ¹52

94 4087 208 4200 uiuo
233 4113 327 4181 curu
354 4093 538 4184 carino
559 4113 663 4194 ,ruer
698 4109 839 4180 arnum
874 4101 1158 4182 concurrerem

92 4254 390 4277 manum—qna·—

188 4341 218 4408 *1
252 4337 346 4397 Varias
371 4342 477 4396 tentant
501 4337 537 4398 ex
558 4319 655 4408 lingue
674 4326 782 4394 Persice
803 4329 995 4407 explicationes
1019 4299 1167 4402 iloluleuius¹

96 4419 212 4490 symoni,
224 4437 251 4494 p.
263 4429 328 4491 26„
354 4425 486 4480 Gerenine
503 4443 526 4482 s.
546 4415 740 4496 r.,'Erra1dns
757 4421 827 4478 Krit.
847 4413 895 4475 Gr.
914 4429 942 4490 p.
963 4417 1024 4475 leo.
1165 4417 1167 4426 ’

931 4500 954 4572 7
