2774 5014
472 513 475 524 ’
568 495 646 593 tre
716 575 718 579 .

5 650 200 769 fragant]
218 683 355 749 Attamen
377 681 430 747 boe
451 683 563 766 ipsum,
587 687 670 766 qnopt.
683 695 741 766 per,
756 681 851 750 totam‘
866 687 1063 767 quaestionem
1079 659 1153 752 ιιιιιι
1213 662 1214 670 ¹

5 787 249 856 ‘adversariis
269 785 352 848 uobis
374 785 435 847 fnit
452 787 637 864 certandum,
659 786 731 848 satis
745 785 804 847 iarn
820 793 865 848 est
877 787 1061 868 documento,
1081 789 1149 851 huie

21 897 243 974 argumente
265 897 373 949 tantam
395 886 453 948 ιῐιιι
476 887 624 949 conciliari
646 909 701 949 uun
723 907 824 966 posse.
880 887 946 950 tude
967 910 1036 952 vero
1057 890 1149 952 oritur
1198 937 1200 944 ,

27 990 213 1074 quaestio,
239 979 389 1046 existatac
401 1006 440 1046 ex
461 985 514 1048 hou
534 985 893 1066 desectu,‘qnaliseunque
904 987 960 1067 sit,
980 987 1150 1067 suspicandi
1258 1064 1262 1069 ,
1327 1055 1329 1066 ,

38 1095 164 1176 aliqua
187 1089 289 1170 copia,
309 1090 372 1150 sive
392 1108 446 1170 quo
471 1089 534 1162 iure
556 1089 720 1151 adversarii
741 1090 797 1152 hoc
813 1087 1022 1169 'argumentum
1046 1091 1147 1170 abiis,

35 1198 113 1279 qui
136 1197 243 1256 lihmm
259 1191 402 1254 Estherae
417 1189 626 1254 defendendum
641 1191 836 1273 susceperint,
858 1186 968 1272 possint
989 1193 1147 1274 postutare.
1164 1183 1165 1186 ¹

41 1301 139 1363 Boc
160 1295 268 1376 quidem
290 1305 381 1356 nemo'
396 1291 582 1378 initiabitur,
603 1294 693 1356 huius
712 1296 755 1356 rei
777 1294 926 1357 rationem
942 1295 1030 1376 longe
1048 1297 1147 1358 direr-

36 1399 139 1458 'sam
158 1415 219 1481 usse
240 1396 278 1456 ab
301 1413 354 1473 ea,
382 1413 469 1474 quam
490 1395 521 1455 iu
544 1395 689 1477 prioribus
711 1395 871 1476 capitibus,
901 1415 975 1476 qnae
995 1397 1026 1458 iu
1046 1378 1145 1458 libello

61 1507 167 1558 nostro
188 1515 253 1558 enm
274 1495 377 1557 ceteris
398 1494 538 1558 historiae
555 1495 690 1557 Persicae
712 1495 842 1558 tontibus
865 1501 1060 1582 comparando
1079 1509 1146 1584 ucr-²

56 1609 183 1676 sentur,
206 1598 438 1660 tractaverimus.
483 1598 556 1660 Curti
572 1599 648 1660 enirn
666 1607 723 1661 tota
744 1586 806 1660 fere
827 1621 891 1680 ros,
915 1602 1145 1682 quaeretumiue
1240 1675 1242 1680 ¹
1270 1657 1272 1664 s

49 1703 210 1764 Estherae
232 1711 382 1780 narratur,
411 1700 525 1780 publice
545 1713 669 1783 agatur,
699 1722 758 1768 uou
774 1697 843 1764 'beri
866 1713 974 1783 potest,
1007 1706 1076 1786 quin
1097 1705 1146 1768 hie

47 1805 127 1867 illie
145 1794 231 1885 leges
252 1803 421 1868 Persarum,
435 1812 463 1866 et
483 1806 706 1866 consuetudines
734 1814 909 1886 appareant,
942 1807 990 1868 hie
1010 1827 1080 1868 voro
1101 1815 1146 1894 est
1176 1815 1178 1823 ’

49 1927 186 1988 campus
209 1905 447 1988 quamprimum,
469 1911 506 1969 ad
523 1929 607 1988 qrrem
627 1898 738 1992 duplex
759 1907 843 1982 notris
868 1918 964 1987 pateat
984 1909 1145 1972 aditusia-

49 2008 214 2088 tissimus,
238 2015 376 2082 ueterum
405 2006 581 2085 Graecorum
607 2009 747 2073 historiae
761 2061 766 2075 .
780 2017 807 2070 et
826 2029 932 2105 ‘rerum
960 2009 1144 2090 Persicorum

50 2110 291 2190 descriptiones,
315 2111 417 2172 deinde
439 2110 606 2190 itineraria,
625 2123 664 2181 ,ut
687 2112 859 2192 loquuntur,
883 2115 1067 2200 eorum,·qui
1088 2137 1144 2176 no-
1213 2157 1243 2190 r,

52 2219 142 2279 stris·
156 2217 331 2298 temporibus
355 2227 446 2278 terras
467 2217 587 2280 orientis
610 2227 638 2279 et
657 2218 793 2279 Persicas
815 2217 1026 2298 snissipsorum
1052 2219 1142 2281 oculis

52 2321 263 2400 adspexerant
284 2327 311 2380 et
336 2321 673 2399 quaeobseruauerunt,
696 2317 850 2382 memoriae
871 2301 1066 2398 prodiderunt.
1088 2319 1143 2382 Sia

55 2431 159 2486 autern
181 2419 332 2502 adipsum
354 2422 420 2496 libri
443 2422 535 2484 nostri
558 2426 757 2502 argumentum
774 2429 960 2502 spectamus,
977 2422 1143 2485 itinerario·
1186 2431 1188 2438 ’

56 2522 486 2601 rumillorumnsusstatim,
509 2534 613 2602 utper
636 2521 869 2601 cointelligitur,
894 2517 997 2588 deficit.
1029 2523 1143 2586 Deinde
1203 2511 1206 2521 ’
1234 2507 1237 2520 “

59 2647 238 2708 quamquam
267 2623 373 2688 Graeci
396 2625 491 2688 multa
517 2627 631 2710 quidem
658 2647 696 2688 ex
726 2625 884 2686 Persarum
912 2622 1032 2688 historia
1057 2625 1141 2688 uobis

60 2729 261 2808 tradiderunt,
284 2738 380 2790 tamen
402 2750 450 2791 res
464 2729 605 2792 Estherae
626 2731 663 2791 ab
683 2727 720 2791 iis
741 2737 808 2790 mut
829 2728 953 2792 alienae.
997 2727 1073 2790 Nam
1091 2727 1143 2810 vix
1192 2781 1195 2791 i

60 2833 151 2897 aliter
180 2831 298 2894 Gracci·
315 2842 419 2894 curant
446 2854 494 2895 res
522 2833 698 2910 Persarum,
733 2830 791 2893 nisi
821 2839 960 2912 qnatenus
995 2835 1033 2892 ad
1058 2847 1142 2898 suam

53 2933 197 3018 [ipsorum
224 2935 386 3016 pertineant
415 2935 583 3015 historiamp
614 2917 653 2997 'de
670 2915 778 2996 ceteris
809 2934 835 2996 si
857 2953 913 3013 qua
935 2935 971 3022 ad
994 2933 1142 2996 eosvenit

65 3038 183 3119 notitia,
220 3041 373 3101 admodum
396 3059 477 3122 vaga
500 3051 544 3102 est
567 3023 595 3102 et
617 3039 770 3120 fluctuans.
809 3037 1025 3116 'Quaeautem
1043 3045 1161 3124 nostro·
1194 3081 1195 3088 ι

67 3141 143 3203 libro
164 3153 336 3224 narrantur,
360 3144 465 3225 partim
487 3153 617 3225 spectant
638 3146 792 3204 adrerum
815 3133 975 3204 aulicarum
995 3139 1056 3202 fata
1077 3155 1141 3200 rnu-

73 3243 186 3322 tabilia,
215 3247 321 3323 partim
341 3249 377 3308 ad
400 3265 447 3307 res
469 3245 637 3307 ludaeorum
659 3243 755 3324 gentis
775 3241 868 3322 vuhgo
886 3238 1140 3308 contentissimae.

79 3340 117 3402 m
133 3343 238 3406 etiarnsi
260 3345 436 3408 Graecorum
455 3330 604 3422 silentium
624 3343 675 3406 vix
696 3345 802 3406 habere
825 3341 914 3422 possit
935 3339 1139 3420 suspicionem,

73 3443 169 3506 ludaei
189 3445 242 3529 ipsi
263 3469 314 3529 pro
337 3429 473 3512 historiae
490 3447 630 3511 Estherae
650 3448 771 3509 veritate
795 3455 1069 3532 testeutnrueeesse
1085 3451 1140 3508 cst.

69 3548 176 3630 Audio,
194 3554 258 3614 sed
280 3572 316 3612 ue
335 3551 389 3628 hie
405 3571 515 3632 quoque
543 3550 629 3612 nimis
654 3548 826 3611 confidenter
854 3546 1019 3624 flagitemus
1040 3543 1140 3604 videa·
1202 3592 1205 3602 ,

69 3638 133 3710 tuns
155 3649 222 3728 quid
243 3653 284 3712 rei
308 3652 360 3713 sit:
406 3651 501 3730 Supra
523 3651 583 3712 iam
605 3649 790 3730 exposuimus
813 3645 961 3706 historiam
988 3641 1140 3706 liberatio-

5 3794 7 3802 ,
69 3747 116 3812 nis
135 3750 233 3828 gentis
257 3751 389 3814 Iudaicae
415 3774 467 3833 per
484 3752 641 3814 Esthcranr
670 3761 697 3810 et
714 3747 939 3810 Murdechaeum
959 3754 1139 3824 perpetratae

66 3847 242 3931 longissime
272 3853 380 3916 distare
405 3855 449 3915 ab
471 3851 593 3915 historia
615 3841 711 3912 Musis
733 3860 760 3908 et
782 3845 921 3925 Doridis,
958 3844 1078 3924 deniqne
1101 3845 1138 3910 ab

67 3956 146 4016 omui
174 3955 286 4036 reliqua
313 3956 481 4018 ludaeorum
508 3953 630 4017 historia
658 3968 752 4017 saera.
812 3949 925 4010 Deinde
957 3948 1138 4012 monumenta
1243 3985 1245 3990 .

48 4055 234 4138 „ludaeorum
265 4061 414 4142 autiqda,
437 4079 509 4139 qnae
539 4062 573 4120 de
598 4058 654 4122 hac
688 4075 719 4114 re
738 4051 856 4132 ¹consedi
886 4050 1012 4129 possint,
1049 4053 1139 4128 panea

65 4170 135 4221 snut
162 4171 190 4221 et
211 4179 351 4242 maguam
374 4162 487 4242 quidem
512 4169 622 4241 partem
645 4159 678 4218 in
701 4160 787 4216 rebus
814 4153 961 4222 historicis
980 4153 1090 4214 incerta
1112 4156 1140 4209 et

66 4265 217 4342 suspectae
229 4263 317 4352 Utithei.
359 4265 484 4328 Restant
506 4264 627 4352 denique
647 4261 837 4323 recentiorum
855 4247 1009 4319 Persarum
1029 4256 1063 4314 de
1086 4245 1141 4314 an'-

67 4364 157 4447 tiquis
179 4368 351 4448 temporibus
370 4368 568 4443 narrationes,
597 4383 668 4447 quas
690 4381 710 4424 a
732 4359 888 4422 maioribus
914 4357 976 4419 suis
998 4354 1054 4416 sibi
1078 4361 1141 4434 tra·
1209 4413 1212 4418 ,

3 4553 4 4564 ¹
68 4470 143 4535 ditas
171 4493 238 4536 esse
267 4471 439 4552 gloriantur.
498 4472 558 4534 Sed
588 4469 698 4534 nullus
715 4467 826 4532 subacti
860 4462 958 4548 indicii
985 4458 1141 4524 historiens

700 4563 933 4638 .-8*
