<?xml version="1.0" encoding="UTF-8"?>
<!DOCTYPE html PUBLIC "-//W3C//DTD XHTML 1.0 Transitional//EN"
    "http://www.w3.org/TR/xhtml1/DTD/xhtml1-transitional.dtd">
<html xmlns="http://www.w3.org/1999/xhtml" xml:lang="en" lang="en">
 <head>
  <title>
</title>
<meta http-equiv="Content-Type" content="text/html;charset=utf-8" />
  <meta name='ocr-system' content='tesseract 3.04.00' />
  <meta name='ocr-capabilities' content='ocr_page ocr_carea ocr_par ocr_line ocrx_word'/>
</head>
<body>
  <div class='ocr_page' id='page_1' title='image "./defidelibriesth00baumgoog_0063.png"; bbox 0 0 2874 5016; ppageno 0'>
   <div class='ocr_carea' id='block_1_1' title="bbox 809 443 864 520">
    <p class='ocr_par' dir='ltr' id='par_1_1' title="bbox 809 443 864 520">
     <span class='ocr_line' id='line_1_1' title="bbox 809 443 864 520; baseline 0 0"><span class='ocrx_word' id='word_1_1' title='bbox 809 443 864 520; x_wconf 77' lang='lat'><strong>50</strong></span> 
     </span>
    </p>
   </div>
   <div class='ocr_carea' id='block_1_2' title="bbox 183 561 1402 704">
    <p class='ocr_par' dir='ltr' id='par_1_2' title="bbox 183 561 1402 704">
     <span class='ocr_line' id='line_1_2' title="bbox 183 561 1402 704; baseline -0.001 -19"><span class='ocrx_word' id='word_1_2' title='bbox 183 628 187 638; x_wconf 90' lang='lat'><em>&#39;</em></span> <span class='ocrx_word' id='word_1_3' title='bbox 296 636 369 685; x_wconf 88' lang='lat' dir='ltr'><strong>nere</strong></span> <span class='ocrx_word' id='word_1_4' title='bbox 394 615 436 680; x_wconf 91' lang='lat' dir='ltr'><strong>ita</strong></span> <span class='ocrx_word' id='word_1_5' title='bbox 456 613 580 680; x_wconf 85' lang='lat' dir='ltr'><strong>indicat:</strong></span> <span class='ocrx_word' id='word_1_6' title='bbox 606 612 923 698; x_wconf 68' lang='lat' dir='ltr'><strong>quac‘(arpnrnentnm</strong></span> <span class='ocrx_word' id='word_1_7' title='bbox 944 611 1013 678; x_wconf 83' lang='lat' dir='ltr'>libri</span> <span class='ocrx_word' id='word_1_8' title='bbox 1033 561 1118 680; x_wconf 83' lang='lat' dir='ltr'><strong>modo</strong></span> <span class='ocrx_word' id='word_1_9' title='bbox 1139 616 1307 704; x_wconf 74' lang='lat' dir='ltr'>exposuit)</span> <span class='ocrx_word' id='word_1_10' title='bbox 1337 642 1402 687; x_wconf 86' lang='lat' dir='ltr'><strong>con</strong></span> 
     </span>
    </p>
   </div>
   <div class='ocr_carea' id='block_1_3' title="bbox 280 716 1403 1422">
    <p class='ocr_par' dir='ltr' id='par_1_3' title="bbox 280 716 1403 1422">
     <span class='ocr_line' id='line_1_3' title="bbox 298 716 1403 806; baseline 0 -18"><span class='ocrx_word' id='word_1_11' title='bbox 298 733 358 788; x_wconf 84' lang='grc' dir='ltr'>ιιιιι</span> <span class='ocrx_word' id='word_1_12' title='bbox 379 718 564 802; x_wconf 87' lang='lat' dir='ltr'><strong>simpliciter,</strong></span> <span class='ocrx_word' id='word_1_13' title='bbox 593 725 652 782; x_wconf 83' lang='lat' dir='ltr'><strong>tarn</strong></span> <span class='ocrx_word' id='word_1_14' title='bbox 679 719 757 781; x_wconf 91' lang='lat' dir='ltr'><strong>undo</strong></span> <span class='ocrx_word' id='word_1_15' title='bbox 783 716 962 798; x_wconf 76' lang='lat' dir='ltr'><strong>referantur,</strong></span> <span class='ocrx_word' id='word_1_16' title='bbox 991 727 1186 802; x_wconf 90' lang='lat' dir='ltr'><strong>utnusquam</strong></span> <span class='ocrx_word' id='word_1_17' title='bbox 1211 741 1270 784; x_wconf 90' lang='lat' dir='ltr'><strong>ars</strong></span> <span class='ocrx_word' id='word_1_18' title='bbox 1296 744 1403 806; x_wconf 77' lang='lat' dir='ltr'><strong>quae·</strong></span> 
     </span>
     <span class='ocr_line' id='line_1_4' title="bbox 298 807 1400 902; baseline -0.007 -13"><span class='ocrx_word' id='word_1_19' title='bbox 298 828 367 902; x_wconf 84' lang='lat' dir='ltr'><strong>dam</strong></span> <span class='ocrx_word' id='word_1_20' title='bbox 385 831 413 886; x_wconf 88' lang='lat' dir='ltr'><strong>ot</strong></span> <span class='ocrx_word' id='word_1_21' title='bbox 433 820 558 885; x_wconf 87' lang='lat' dir='ltr'><strong>studium</strong></span> <span class='ocrx_word' id='word_1_22' title='bbox 578 827 736 901; x_wconf 72' lang='lat' dir='ltr'><strong>appareat,</strong></span> <span class='ocrx_word' id='word_1_23' title='bbox 758 837 835 900; x_wconf 89' lang='lat' dir='ltr'><strong>quae</strong></span> <span class='ocrx_word' id='word_1_24' title='bbox 856 818 990 900; x_wconf 80' lang='lat' dir='ltr'><strong>&#39;singulas</strong></span> <span class='ocrx_word' id='word_1_25' title='bbox 1012 830 1108 902; x_wconf 87' lang='lat' dir='ltr'><strong>partes</strong></span> <span class='ocrx_word' id='word_1_26' title='bbox 1129 807 1297 888; x_wconf 81' lang='lat' dir='ltr'><strong>artificioso</strong></span> <span class='ocrx_word' id='word_1_27' title='bbox 1327 847 1400 890; x_wconf 89' lang='lat' dir='ltr'><strong>con.</strong></span> 
     </span>
     <span class='ocr_line' id='line_1_5' title="bbox 297 920 1397 1008; baseline 0.002 -17"><span class='ocrx_word' id='word_1_28' title='bbox 297 931 412 1008; x_wconf 85' lang='lat' dir='ltr'><strong>uectat,</strong></span> <span class='ocrx_word' id='word_1_29' title='bbox 436 933 469 987; x_wconf 92' lang='lat' dir='ltr'><strong>ut</strong></span> <span class='ocrx_word' id='word_1_30' title='bbox 490 942 595 986; x_wconf 88' lang='lat' dir='ltr'><strong>seusus</strong></span> <span class='ocrx_word' id='word_1_31' title='bbox 622 921 736 1004; x_wconf 75' lang='lat' dir='ltr'>pulchri</span> <span class='ocrx_word' id='word_1_32' title='bbox 763 931 792 984; x_wconf 95' lang='lat' dir='ltr'><strong>et</strong></span> <span class='ocrx_word' id='word_1_33' title='bbox 812 920 858 985; x_wconf 78' lang='lat' dir='ltr'><strong>vis</strong></span> <span class='ocrx_word' id='word_1_34' title='bbox 878 922 1060 1004; x_wconf 81' lang='lat' dir='ltr'><strong>imaginandi</strong></span> <span class='ocrx_word' id='word_1_35' title='bbox 1083 925 1263 992; x_wconf 73' lang='lat' dir='ltr'>delectetur:</span> <span class='ocrx_word' id='word_1_36' title='bbox 1303 928 1397 993; x_wconf 83' lang='lat' dir='ltr'><strong>facite</strong></span> 
     </span>
     <span class='ocr_line' id='line_1_6' title="bbox 298 1023 1391 1117; baseline 0.001 -22"><span class='ocrx_word' id='word_1_37' title='bbox 298 1029 352 1095; x_wconf 87' lang='lat' dir='ltr'><strong>tihi</strong></span> <span class='ocrx_word' id='word_1_38' title='bbox 372 1029 549 1112; x_wconf 88' lang='lat' dir='ltr'><strong>persuadere</strong></span> <span class='ocrx_word' id='word_1_39' title='bbox 568 1045 693 1106; x_wconf 87' lang='lat' dir='ltr'><strong>posses,</strong></span> <span class='ocrx_word' id='word_1_40' title='bbox 718 1023 793 1090; x_wconf 81' lang='lat' dir='ltr'><strong>nihii</strong></span> <span class='ocrx_word' id='word_1_41' title='bbox 814 1045 880 1090; x_wconf 88' lang='lat' dir='ltr'><strong>esse</strong></span> <span class='ocrx_word' id='word_1_42' title='bbox 899 1025 1046 1108; x_wconf 85' lang='lat' dir='ltr'><strong>iocatum,</strong></span> <span class='ocrx_word' id='word_1_43' title='bbox 1081 1029 1180 1096; x_wconf 88' lang='lat' dir='ltr'><strong>omnia</strong></span> <span class='ocrx_word' id='word_1_44' title='bbox 1199 1031 1240 1112; x_wconf 74' lang='lat' dir='ltr'><strong>ad</strong></span> <span class='ocrx_word' id='word_1_45' title='bbox 1266 1031 1391 1117; x_wconf 87' lang='lat' dir='ltr'><strong>simpli-</strong></span> 
     </span>
     <span class='ocr_line' id='line_1_7' title="bbox 299 1127 1380 1211; baseline 0 -11"><span class='ocrx_word' id='word_1_46' title='bbox 299 1155 360 1200; x_wconf 90' lang='lat' dir='ltr'><strong>cem</strong></span> <span class='ocrx_word' id='word_1_47' title='bbox 380 1131 532 1198; x_wconf 83' lang='lat' dir='ltr'><strong>veritatem</strong></span> <span class='ocrx_word' id='word_1_48' title='bbox 553 1127 684 1210; x_wconf 86' lang='lat' dir='ltr'><strong>narrari,</strong></span> <span class='ocrx_word' id='word_1_49' title='bbox 719 1129 804 1192; x_wconf 86' lang='lat' dir='ltr'><strong>nulia</strong></span> <span class='ocrx_word' id='word_1_50' title='bbox 827 1149 866 1193; x_wconf 86' lang='grc' dir='ltr'><strong>ιιι</strong></span> <span class='ocrx_word' id='word_1_51' title='bbox 889 1137 969 1211; x_wconf 84' lang='lat' dir='ltr'><strong>parte</strong></span> <span class='ocrx_word' id='word_1_52' title='bbox 989 1149 1008 1194; x_wconf 89' lang='lat' dir='ltr'><strong>a</strong></span> <span class='ocrx_word' id='word_1_53' title='bbox 1029 1130 1085 1194; x_wconf 84' lang='lat' dir='ltr'><strong>tide</strong></span> <span class='ocrx_word' id='word_1_54' title='bbox 1107 1131 1251 1196; x_wconf 88' lang='lat' dir='ltr'><strong>historica</strong></span> <span class='ocrx_word' id='word_1_55' title='bbox 1277 1155 1380 1200; x_wconf 84' lang='lat' dir='ltr'><strong>uarro·</strong></span> 
     </span>
     <span class='ocr_line' id='line_1_8' title="bbox 299 1229 1385 1320; baseline 0.002 -22"><span class='ocrx_word' id='word_1_56' title='bbox 299 1236 407 1298; x_wconf 90' lang='lat' dir='ltr'><strong>tionem</strong></span> <span class='ocrx_word' id='word_1_57' title='bbox 427 1231 564 1300; x_wconf 82' lang='lat' dir='ltr'><strong>recedere</strong></span> <span class='ocrx_word' id='word_1_58' title='bbox 583 1229 628 1312; x_wconf 86' lang='lat' dir='ltr'><strong>(p.</strong></span> <span class='ocrx_word' id='word_1_59' title='bbox 642 1231 711 1312; x_wconf 80' lang='lat'><strong>7.);</strong></span> <span class='ocrx_word' id='word_1_60' title='bbox 732 1230 833 1294; x_wconf 83' lang='lat' dir='ltr'><strong>deinde</strong></span> <span class='ocrx_word' id='word_1_61' title='bbox 853 1230 912 1296; x_wconf 85' lang='lat' dir='ltr'><strong>olio</strong></span> <span class='ocrx_word' id='word_1_62' title='bbox 934 1231 1019 1296; x_wconf 86' lang='lat' dir='ltr'><strong>loco:-</strong></span> <span class='ocrx_word' id='word_1_63' title='bbox 1037 1249 1112 1314; x_wconf 87' lang='lat' dir='ltr'><strong>quae</strong></span> <span class='ocrx_word' id='word_1_64' title='bbox 1133 1233 1273 1300; x_wconf 74' lang='lat' dir='ltr'><strong>inlibris</strong></span> <span class='ocrx_word' id='word_1_65' title='bbox 1294 1241 1385 1320; x_wconf 80' lang='lat' dir='ltr'><strong>poeti·</strong></span> 
     </span>
     <span class='ocr_line' id='line_1_9' title="bbox 280 1317 1387 1422; baseline 0.001 -19"><span class='ocrx_word' id='word_1_66' title='bbox 280 1321 344 1403; x_wconf 44' lang='lat' dir='ltr'><strong>&#39;cis</strong></span> <span class='ocrx_word' id='word_1_67' title='bbox 363 1335 429 1398; x_wconf 89' lang='lat' dir='ltr'><strong>iure</strong></span> <span class='ocrx_word' id='word_1_68' title='bbox 449 1333 646 1414; x_wconf 78' lang='lat' dir='ltr'><strong>admiramur,</strong></span> <span class='ocrx_word' id='word_1_69' title='bbox 673 1333 750 1397; x_wconf 81' lang='lat' dir='ltr'><strong>olus</strong></span> <span class='ocrx_word' id='word_1_70' title='bbox 767 1341 863 1398; x_wconf 85' lang='lat' dir='ltr'><strong>vatum</strong></span> <span class='ocrx_word' id='word_1_71' title='bbox 884 1317 1021 1419; x_wconf 82' lang='lat' dir='ltr'><strong>spiritus,</strong></span> <span class='ocrx_word' id='word_1_72' title='bbox 1054 1337 1177 1399; x_wconf 85' lang='lat' dir='ltr'><strong>colorem</strong></span> <span class='ocrx_word' id='word_1_73' title='bbox 1194 1357 1268 1402; x_wconf 81' lang='lat' dir='ltr'><strong>vere</strong></span> <span class='ocrx_word' id='word_1_74' title='bbox 1291 1343 1387 1422; x_wconf 90' lang='lat' dir='ltr'><strong>poeti-</strong></span> 
     </span>
    </p>
   </div>
   <div class='ocr_carea' id='block_1_4' title="bbox 172 1435 1386 1522">
    <p class='ocr_par' dir='ltr' id='par_1_4' title="bbox 172 1435 1386 1522">
     <span class='ocr_line' id='line_1_10' title="bbox 172 1435 1386 1522; baseline 0.002 -18"><span class='ocrx_word' id='word_1_75' title='bbox 172 1512 175 1516; x_wconf 44' lang='lat'><strong>,</strong></span> <span class='ocrx_word' id='word_1_76' title='bbox 301 1459 382 1520; x_wconf 90' lang='lat' dir='ltr'><strong>cum,</strong></span> <span class='ocrx_word' id='word_1_77' title='bbox 403 1455 566 1502; x_wconf 85' lang='lat' dir='ltr'><strong>sermonem</strong></span> <span class='ocrx_word' id='word_1_78' title='bbox 586 1455 784 1517; x_wconf 89' lang='lat' dir='ltr'><strong>numerosum,</strong></span> <span class='ocrx_word' id='word_1_79' title='bbox 806 1435 938 1501; x_wconf 89' lang='lat' dir='ltr'><strong>animum</strong></span> <span class='ocrx_word' id='word_1_80' title='bbox 958 1437 1125 1522; x_wconf 84' lang='lat' dir='ltr'><strong>excelsum,</strong></span> <span class='ocrx_word' id='word_1_81' title='bbox 1154 1446 1184 1502; x_wconf 94' lang='lat' dir='ltr'><strong>et</strong></span> <span class='ocrx_word' id='word_1_82' title='bbox 1204 1461 1255 1505; x_wconf 88' lang='lat' dir='ltr'><strong>res</strong></span> <span class='ocrx_word' id='word_1_83' title='bbox 1273 1443 1386 1508; x_wconf 89' lang='lat' dir='ltr'><strong>huma-</strong></span> 
     </span>
    </p>
   </div>
   <div class='ocr_carea' id='block_1_5' title="bbox 300 1539 1382 2133">
    <p class='ocr_par' dir='ltr' id='par_1_5' title="bbox 300 1539 1380 2133">
     <span class='ocr_line' id='line_1_11' title="bbox 301 1539 1377 1621; baseline 0.001 -15"><span class='ocrx_word' id='word_1_84' title='bbox 301 1563 356 1608; x_wconf 87' lang='lat' dir='ltr'><strong>nas</strong></span> <span class='ocrx_word' id='word_1_85' title='bbox 378 1548 622 1621; x_wconf 74' lang='lat' dir='ltr'><strong>contemnentem,</strong></span> <span class='ocrx_word' id='word_1_86' title='bbox 649 1542 686 1602; x_wconf 90' lang='lat' dir='ltr'><strong>ad</strong></span> <span class='ocrx_word' id='word_1_87' title='bbox 706 1539 800 1604; x_wconf 87' lang='lat' dir='ltr'><strong>Deum</strong></span> <span class='ocrx_word' id='word_1_88' title='bbox 822 1541 920 1604; x_wconf 88' lang='lat' dir='ltr'><strong>omnia</strong></span> <span class='ocrx_word' id='word_1_89' title='bbox 941 1541 1115 1607; x_wconf 80' lang='lat' dir='ltr'><strong>referentem</strong></span> <span class='ocrx_word' id='word_1_90' title='bbox 1144 1551 1172 1606; x_wconf 92' lang='lat' dir='ltr'><strong>et</strong></span> <span class='ocrx_word' id='word_1_91' title='bbox 1192 1545 1305 1617; x_wconf 82' lang='lat' dir='ltr'><strong>oracula</strong></span> <span class='ocrx_word' id='word_1_92' title='bbox 1326 1547 1377 1607; x_wconf 85' lang='lat' dir='ltr'><strong>di-</strong></span> 
     </span>
     <span class='ocr_line' id='line_1_12' title="bbox 300 1639 1371 1729; baseline 0.009 -26"><span class='ocrx_word' id='word_1_93' title='bbox 300 1642 373 1707; x_wconf 81' lang='lat' dir='ltr'><strong>vine</strong></span> <span class='ocrx_word' id='word_1_94' title='bbox 384 1639 581 1720; x_wconf 74' lang='lat' dir='ltr'><strong>nuntiantem,</strong></span> <span class='ocrx_word' id='word_1_95' title='bbox 599 1641 782 1705; x_wconf 83' lang='lat' dir='ltr'><strong>haecomnia</strong></span> <span class='ocrx_word' id='word_1_96' title='bbox 797 1639 828 1703; x_wconf 92' lang='lat' dir='ltr'><strong>in</strong></span> <span class='ocrx_word' id='word_1_97' title='bbox 842 1643 896 1704; x_wconf 90' lang='lat' dir='ltr'><strong>hoc</strong></span> <span class='ocrx_word' id='word_1_98' title='bbox 909 1642 983 1706; x_wconf 79' lang='lat' dir='ltr'><strong>libro</strong></span> <span class='ocrx_word' id='word_1_99' title='bbox 998 1641 1198 1714; x_wconf 84' lang='lat' dir='ltr'><strong>desiderantur</strong></span> <span class='ocrx_word' id='word_1_100' title='bbox 1212 1643 1371 1729; x_wconf 69' lang='lat' dir='ltr'><strong>(picto.)-</strong></span> 
     </span>
     <span class='ocr_line' id='line_1_13' title="bbox 301 1741 1382 1826; baseline 0.005 -21"><span class='ocrx_word' id='word_1_101' title='bbox 301 1752 346 1796; x_wconf 67' lang='grc' dir='ltr'><strong>-ὲ</strong></span> <span class='ocrx_word' id='word_1_102' title='bbox 372 1745 455 1810; x_wconf 86' lang='lat' dir='ltr'><strong>Unus</strong></span> <span class='ocrx_word' id='word_1_103' title='bbox 481 1750 592 1806; x_wconf 87' lang='lat' dir='ltr'><strong>tantum</strong></span> <span class='ocrx_word' id='word_1_104' title='bbox 618 1741 700 1806; x_wconf 87' lang='lat' dir='ltr'><strong>locus</strong></span> <span class='ocrx_word' id='word_1_105' title='bbox 729 1742 761 1804; x_wconf 91' lang='lat' dir='ltr'><strong>iu</strong></span> <span class='ocrx_word' id='word_1_106' title='bbox 783 1751 841 1804; x_wconf 91' lang='lat' dir='ltr'><strong>toto</strong></span> <span class='ocrx_word' id='word_1_107' title='bbox 867 1742 941 1806; x_wconf 80' lang='lat' dir='ltr'><strong>libro</strong></span> <span class='ocrx_word' id='word_1_108' title='bbox 962 1741 1051 1808; x_wconf 89' lang='lat' dir='ltr'><strong>altius</strong></span> <span class='ocrx_word' id='word_1_109' title='bbox 1072 1747 1214 1826; x_wconf 76' lang='lat' dir='ltr'><strong>quoddam</strong></span> <span class='ocrx_word' id='word_1_110' title='bbox 1236 1747 1382 1811; x_wconf 88' lang='lat' dir='ltr'><strong>narrandi</strong></span> 
     </span>
     <span class='ocr_line' id='line_1_14' title="bbox 301 1835 1380 1932; baseline -0.002 -20"><span class='ocrx_word' id='word_1_111' title='bbox 301 1865 398 1932; x_wconf 78' lang='lat' dir='ltr'><strong>genus</strong></span> <span class='ocrx_word' id='word_1_112' title='bbox 415 1844 526 1926; x_wconf 84' lang='lat' dir='ltr'><strong>spirat,</strong></span> <span class='ocrx_word' id='word_1_113' title='bbox 546 1835 670 1924; x_wconf 86' lang='lat' dir='ltr'><strong>dioo8,</strong></span> <span class='ocrx_word' id='word_1_114' title='bbox 692 1844 762 1912; x_wconf 91' lang='grc'><strong>16.</strong></span> <span class='ocrx_word' id='word_1_115' title='bbox 798 1856 942 1924; x_wconf 67' lang='lat' dir='ltr'><strong>immi</strong></span> <span class='ocrx_word' id='word_1_116' title='bbox 972 1856 1072 1931; x_wconf 76' lang='grc' dir='ltr'>ιηιιι</span> <span class='ocrx_word' id='word_1_117' title='bbox 1097 1859 1202 1927; x_wconf 59' lang='lat' dir='ltr'><strong>amn</strong></span> <span class='ocrx_word' id='word_1_118' title='bbox 1221 1845 1380 1930; x_wconf 68' lang='lat' dir='ltr'><strong>naqqqdp</strong></span> 
     </span>
     <span class='ocr_line' id='line_1_15' title="bbox 300 1942 1381 2068; baseline 0.004 -58"><span class='ocrx_word' id='word_1_119' title='bbox 300 1961 384 2068; x_wconf 56' lang='grc' dir='ltr'>ῃΡιι</span> <span class='ocrx_word' id='word_1_120' title='bbox 413 1959 552 2044; x_wconf 48' lang='lat' dir='ltr'><strong>„mmm</strong></span> <span class='ocrx_word' id='word_1_121' title='bbox 582 1955 709 2012; x_wconf 89' lang='lat' dir='ltr'><strong>attamen</strong></span> <span class='ocrx_word' id='word_1_122' title='bbox 728 1949 801 2012; x_wconf 89' lang='lat' dir='ltr'><strong>haec</strong></span> <span class='ocrx_word' id='word_1_123' title='bbox 814 1949 902 2010; x_wconf 85' lang='lat' dir='ltr'><strong>verba</strong></span> <span class='ocrx_word' id='word_1_124' title='bbox 915 1967 954 2010; x_wconf 87' lang='lat' dir='ltr'><strong>ex</strong></span> <span class='ocrx_word' id='word_1_125' title='bbox 969 1947 1011 2008; x_wconf 91' lang='lat' dir='ltr'><strong>rei</strong></span> <span class='ocrx_word' id='word_1_126' title='bbox 1025 1947 1118 2030; x_wconf 87' lang='lat' dir='ltr'><strong>ipsius</strong></span> <span class='ocrx_word' id='word_1_127' title='bbox 1135 1942 1303 2016; x_wconf 86' lang='lat' dir='ltr'><strong>conditione</strong></span> <span class='ocrx_word' id='word_1_128' title='bbox 1319 1953 1381 2014; x_wconf 86' lang='lat' dir='ltr'><strong>lae·</strong></span> 
     </span>
     <span class='ocr_line' id='line_1_16' title="bbox 302 2047 1380 2133; baseline 0.003 -16"><span class='ocrx_word' id='word_1_129' title='bbox 302 2051 416 2117; x_wconf 88' lang='lat' dir='ltr'><strong>tissima</strong></span> <span class='ocrx_word' id='word_1_130' title='bbox 433 2058 496 2113; x_wconf 90' lang='lat' dir='ltr'><strong>orta</strong></span> <span class='ocrx_word' id='word_1_131' title='bbox 516 2057 593 2114; x_wconf 88' lang='lat' dir='ltr'><strong>sunt.</strong></span> <span class='ocrx_word' id='word_1_132' title='bbox 634 2047 720 2112; x_wconf 78' lang='lat' dir='ltr'><strong>Alias</strong></span> <span class='ocrx_word' id='word_1_133' title='bbox 742 2070 858 2133; x_wconf 86' lang='lat' dir='ltr'><strong>semper</strong></span> <span class='ocrx_word' id='word_1_134' title='bbox 874 2049 1003 2132; x_wconf 86' lang='lat' dir='ltr'><strong>narratio</strong></span> <span class='ocrx_word' id='word_1_135' title='bbox 1023 2051 1146 2114; x_wconf 88' lang='lat' dir='ltr'><strong>nihil</strong></span> <span class='ocrx_word' id='word_1_136' title='bbox 1119 2051 1176 2116; x_wconf 88' lang='lat' dir='ltr'><strong>ursi</strong></span> <span class='ocrx_word' id='word_1_137' title='bbox 1197 2056 1312 2118; x_wconf 90' lang='lat' dir='ltr'><strong>nudam</strong></span> <span class='ocrx_word' id='word_1_138' title='bbox 1336 2078 1380 2120; x_wconf 87' lang='lat' dir='ltr'><strong>se-</strong></span> 
     </span>
    </p>
   </div>
   <div class='ocr_carea' id='block_1_6' title="bbox 196 2148 1380 2242">
    <p class='ocr_par' dir='ltr' id='par_1_6' title="bbox 196 2148 1380 2242">
     <span class='ocr_line' id='line_1_17' title="bbox 196 2148 1380 2242; baseline 0.001 -25"><span class='ocrx_word' id='word_1_139' title='bbox 196 2224 199 2235; x_wconf 53' lang='grc'>,</span> <span class='ocrx_word' id='word_1_140' title='bbox 303 2156 399 2242; x_wconf 88' lang='lat' dir='ltr'><strong>quitur</strong></span> <span class='ocrx_word' id='word_1_141' title='bbox 419 2149 581 2230; x_wconf 81' lang='lat' dir='ltr'><strong>historiam,</strong></span> <span class='ocrx_word' id='word_1_142' title='bbox 602 2148 688 2212; x_wconf 91' lang='lat' dir='ltr'><strong>nihil</strong></span> <span class='ocrx_word' id='word_1_143' title='bbox 698 2149 738 2212; x_wconf 89' lang='lat' dir='ltr'><strong>ad</strong></span> <span class='ocrx_word' id='word_1_144' title='bbox 749 2151 946 2214; x_wconf 86' lang='lat' dir='ltr'><strong>exornandum</strong></span> <span class='ocrx_word' id='word_1_145' title='bbox 967 2150 1104 2232; x_wconf 88' lang='lat' dir='ltr'><strong>additum,</strong></span> <span class='ocrx_word' id='word_1_146' title='bbox 1124 2153 1198 2217; x_wconf 86' lang='lat' dir='ltr'><strong>nihii</strong></span> <span class='ocrx_word' id='word_1_147' title='bbox 1220 2157 1259 2217; x_wconf 87' lang='lat' dir='ltr'><strong>ad</strong></span> <span class='ocrx_word' id='word_1_148' title='bbox 1281 2174 1380 2240; x_wconf 79' lang='lat' dir='ltr'><strong>exag-</strong></span> 
     </span>
    </p>
   </div>
   <div class='ocr_carea' id='block_1_7' title="bbox 221 2246 1378 3060">
    <p class='ocr_par' dir='ltr' id='par_1_7' title="bbox 221 2246 1378 3060">
     <span class='ocr_line' id='line_1_18' title="bbox 221 2246 1378 2341; baseline 0.003 -21"><span class='ocrx_word' id='word_1_149' title='bbox 221 2246 223 2254; x_wconf 73' lang='grc'><strong>’</strong></span> <span class='ocrx_word' id='word_1_150' title='bbox 302 2257 462 2340; x_wconf 77' lang='lat' dir='ltr'><strong>gerandum</strong></span> <span class='ocrx_word' id='word_1_151' title='bbox 484 2258 689 2333; x_wconf 85' lang='lat' dir='ltr'><strong>comparatum.</strong></span> <span class='ocrx_word' id='word_1_152' title='bbox 732 2249 811 2330; x_wconf 83' lang='lat' dir='ltr'><strong>Quin</strong></span> <span class='ocrx_word' id='word_1_153' title='bbox 830 2249 918 2314; x_wconf 86' lang='lat' dir='ltr'><strong>etiam</strong></span> <span class='ocrx_word' id='word_1_154' title='bbox 939 2269 1079 2334; x_wconf 74' lang='lat' dir='ltr'><strong>maguum</strong></span> <span class='ocrx_word' id='word_1_155' title='bbox 1096 2256 1240 2337; x_wconf 86' lang='lat' dir='ltr'><strong>quandam</strong></span> <span class='ocrx_word' id='word_1_156' title='bbox 1263 2262 1378 2341; x_wconf 90' lang='lat' dir='ltr'><strong>tempe-</strong></span> 
     </span>
     <span class='ocr_line' id='line_1_19' title="bbox 273 2341 1378 2442; baseline 0.005 -21"><span class='ocrx_word' id='word_1_157' title='bbox 273 2341 428 2423; x_wconf 73' lang='lat' dir='ltr'><strong>&#39;cannam</strong></span> <span class='ocrx_word' id='word_1_158' title='bbox 455 2353 619 2435; x_wconf 86' lang='lat' dir='ltr'><strong>cernimus,</strong></span> <span class='ocrx_word' id='word_1_159' title='bbox 653 2374 726 2438; x_wconf 89' lang='lat' dir='ltr'><strong>quae</strong></span> <span class='ocrx_word' id='word_1_160' title='bbox 750 2375 784 2418; x_wconf 92' lang='lat' dir='ltr'><strong>eo</strong></span> <span class='ocrx_word' id='word_1_161' title='bbox 808 2354 906 2436; x_wconf 83' lang='lat' dir='ltr'><strong>magis</strong></span> <span class='ocrx_word' id='word_1_162' title='bbox 934 2355 1010 2419; x_wconf 88' lang='lat' dir='ltr'><strong>mira</strong></span> <span class='ocrx_word' id='word_1_163' title='bbox 1037 2365 1098 2438; x_wconf 89' lang='lat' dir='ltr'><strong>ost,</strong></span> <span class='ocrx_word' id='word_1_164' title='bbox 1136 2378 1225 2442; x_wconf 89' lang='lat' dir='ltr'><strong>eoque</strong></span> <span class='ocrx_word' id='word_1_165' title='bbox 1249 2363 1320 2440; x_wconf 87' lang='lat' dir='ltr'><strong>plns</strong></span> <span class='ocrx_word' id='word_1_166' title='bbox 1342 2366 1378 2426; x_wconf 86' lang='lat' dir='ltr'><strong>ad</strong></span> 
     </span>
     <span class='ocr_line' id='line_1_20' title="bbox 232 2456 1375 2544; baseline 0.007 -24"><span class='ocrx_word' id='word_1_167' title='bbox 232 2513 235 2520; x_wconf 39' lang='lat' dir='ltr'><strong>r</strong></span> <span class='ocrx_word' id='word_1_168' title='bbox 302 2457 501 2544; x_wconf 87' lang='lat' dir='ltr'><strong>quaestionem</strong></span> <span class='ocrx_word' id='word_1_169' title='bbox 520 2465 648 2530; x_wconf 84' lang='lat' dir='ltr'><strong>nostram</strong></span> <span class='ocrx_word' id='word_1_170' title='bbox 668 2456 756 2538; x_wconf 82' lang='lat' dir='ltr'><strong>facit,</strong></span> <span class='ocrx_word' id='word_1_171' title='bbox 786 2477 851 2520; x_wconf 87' lang='lat' dir='ltr'><strong>oum</strong></span> <span class='ocrx_word' id='word_1_172' title='bbox 874 2457 911 2520; x_wconf 86' lang='lat' dir='ltr'><strong>ab</strong></span> <span class='ocrx_word' id='word_1_173' title='bbox 933 2457 1119 2521; x_wconf 84' lang='lat' dir='ltr'><strong>historiarum</strong></span> <span class='ocrx_word' id='word_1_174' title='bbox 1139 2456 1237 2524; x_wconf 83' lang='lat' dir='ltr'><strong>maiae</strong></span> <span class='ocrx_word' id='word_1_175' title='bbox 1256 2461 1329 2526; x_wconf 86' lang='lat' dir='ltr'><strong>fidei</strong></span> <span class='ocrx_word' id='word_1_176' title='bbox 1350 2473 1375 2528; x_wconf 92' lang='lat' dir='ltr'><strong>et</strong></span> 
     </span>
     <span class='ocr_line' id='line_1_21' title="bbox 245 2554 1374 2646; baseline 0.001 -20"><span class='ocrx_word' id='word_1_177' title='bbox 245 2635 251 2644; x_wconf 31' lang='lat'><strong>¹</strong></span> <span class='ocrx_word' id='word_1_178' title='bbox 300 2559 445 2646; x_wconf 84' lang='lat' dir='ltr'><strong>imprimis</strong></span> <span class='ocrx_word' id='word_1_179' title='bbox 467 2578 585 2638; x_wconf 81' lang='lat' dir='ltr'><strong>aarum,</strong></span> <span class='ocrx_word' id='word_1_180' title='bbox 614 2573 689 2640; x_wconf 81' lang='lat' dir='ltr'><strong>quae</strong></span> <span class='ocrx_word' id='word_1_181' title='bbox 717 2575 737 2620; x_wconf 89' lang='grc' dir='ltr'><strong>ιι</strong></span> <span class='ocrx_word' id='word_1_182' title='bbox 764 2554 880 2620; x_wconf 85' lang='lat' dir='ltr'><strong>ludaeis</strong></span> <span class='ocrx_word' id='word_1_183' title='bbox 902 2557 1052 2640; x_wconf 80' lang='lat' dir='ltr'><strong>posteriori</strong></span> <span class='ocrx_word' id='word_1_184' title='bbox 1079 2569 1205 2643; x_wconf 88' lang='lat' dir='ltr'><strong>tempore</strong></span> <span class='ocrx_word' id='word_1_185' title='bbox 1227 2563 1374 2628; x_wconf 84' lang='lat' dir='ltr'><strong>confectae</strong></span> 
     </span>
     <span class='ocr_line' id='line_1_22' title="bbox 296 2656 1375 2743; baseline 0.004 -17"><span class='ocrx_word' id='word_1_186' title='bbox 296 2672 389 2743; x_wconf 82' lang='lat' dir='ltr'><strong>sunt,</strong></span> <span class='ocrx_word' id='word_1_187' title='bbox 411 2659 583 2742; x_wconf 82' lang='lat' dir='ltr'><strong>ioqpaoitate</strong></span> <span class='ocrx_word' id='word_1_188' title='bbox 605 2656 780 2738; x_wconf 74' lang='lat' dir='ltr'><strong>longissime</strong></span> <span class='ocrx_word' id='word_1_189' title='bbox 809 2657 905 2724; x_wconf 88' lang='lat' dir='ltr'><strong>distet.</strong></span> <span class='ocrx_word' id='word_1_190' title='bbox 953 2659 1018 2738; x_wconf 90' lang='lat' dir='ltr'><strong>Qua</strong></span> <span class='ocrx_word' id='word_1_191' title='bbox 1046 2657 1078 2722; x_wconf 87' lang='lat' dir='ltr'><strong>in</strong></span> <span class='ocrx_word' id='word_1_192' title='bbox 1096 2681 1130 2724; x_wconf 86' lang='lat' dir='ltr'><strong>rc</strong></span> <span class='ocrx_word' id='word_1_193' title='bbox 1151 2662 1228 2728; x_wconf 91' lang='lat' dir='ltr'><strong>enim</strong></span> <span class='ocrx_word' id='word_1_194' title='bbox 1247 2683 1300 2729; x_wconf 87' lang='lat' dir='ltr'><strong>ars</strong></span> <span class='ocrx_word' id='word_1_195' title='bbox 1321 2668 1375 2730; x_wconf 88' lang='lat' dir='ltr'><strong>illa</strong></span> 
     </span>
     <span class='ocr_line' id='line_1_23' title="bbox 293 2759 1372 2838; baseline -0.009 -6"><span class='ocrx_word' id='word_1_196' title='bbox 293 2765 440 2838; x_wconf 80' lang='lat' dir='ltr'><strong>historias</strong></span> <span class='ocrx_word' id='word_1_197' title='bbox 458 2761 620 2830; x_wconf 80' lang='lat' dir='ltr'><strong>exornandi</strong></span> <span class='ocrx_word' id='word_1_198' title='bbox 646 2770 674 2824; x_wconf 90' lang='grc' dir='ltr'><strong>ιι</strong></span> <span class='ocrx_word' id='word_1_199' title='bbox 695 2759 859 2824; x_wconf 79' lang='lat' dir='ltr'><strong>fabricandi</strong></span> <span class='ocrx_word' id='word_1_200' title='bbox 881 2761 1018 2826; x_wconf 87' lang='lat' dir='ltr'><strong>libentius</strong></span> <span class='ocrx_word' id='word_1_201' title='bbox 1040 2773 1170 2834; x_wconf 84' lang='lat' dir='ltr'><strong>versatur</strong></span> <span class='ocrx_word' id='word_1_202' title='bbox 1191 2778 1219 2829; x_wconf 92' lang='grc' dir='ltr'><strong>ιι</strong></span> <span class='ocrx_word' id='word_1_203' title='bbox 1235 2768 1372 2834; x_wconf 86' lang='lat' dir='ltr'><strong>luxurio-</strong></span> 
     </span>
     <span class='ocr_line' id='line_1_24' title="bbox 269 2851 1373 2964; baseline 0.002 -29"><span class='ocrx_word' id='word_1_204' title='bbox 269 2851 271 2858; x_wconf 34' lang='lat'><strong><em>¹</em></strong></span> <span class='ocrx_word' id='word_1_205' title='bbox 295 2869 365 2936; x_wconf 75' lang='lat' dir='ltr'><strong>eiua</strong></span> <span class='ocrx_word' id='word_1_206' title='bbox 384 2870 542 2948; x_wconf 84' lang='lat' dir='ltr'><strong>exuberat,</strong></span> <span class='ocrx_word' id='word_1_207' title='bbox 569 2882 655 2949; x_wconf 88' lang='lat' dir='ltr'><strong>quam</strong></span> <span class='ocrx_word' id='word_1_208' title='bbox 676 2861 706 2932; x_wconf 90' lang='lat' dir='ltr'><strong>iu</strong></span> <span class='ocrx_word' id='word_1_209' title='bbox 730 2864 828 2946; x_wconf 77' lang='lat' dir='ltr'><strong>longis</strong></span> <span class='ocrx_word' id='word_1_210' title='bbox 852 2867 890 2929; x_wconf 84' lang='lat' dir='ltr'><strong>ad</strong></span> <span class='ocrx_word' id='word_1_211' title='bbox 909 2861 1048 2947; x_wconf 79' lang='lat' dir='ltr'><strong>personas</strong></span> <span class='ocrx_word' id='word_1_212' title='bbox 1069 2875 1096 2929; x_wconf 88' lang='lat' dir='ltr'><strong>ct</strong></span> <span class='ocrx_word' id='word_1_213' title='bbox 1116 2888 1213 2932; x_wconf 88' lang='lat' dir='ltr'><strong>rerum</strong></span> <span class='ocrx_word' id='word_1_214' title='bbox 1235 2874 1373 2964; x_wconf 47' lang='lat' dir='ltr'><strong>conditio·-</strong></span> 
     </span>
     <span class='ocr_line' id='line_1_25' title="bbox 300 2965 1370 3060; baseline 0.002 -22"><span class='ocrx_word' id='word_1_215' title='bbox 300 2991 359 3060; x_wconf 22' lang='lat' dir='ltr'><strong>ues·</strong></span> <span class='ocrx_word' id='word_1_216' title='bbox 374 2971 455 3052; x_wconf 87' lang='lat' dir='ltr'><strong>aptis</strong></span> <span class='ocrx_word' id='word_1_217' title='bbox 471 2969 652 3034; x_wconf 89' lang='lat' dir='ltr'><strong>sermonibus</strong></span> <span class='ocrx_word' id='word_1_218' title='bbox 672 2965 838 3048; x_wconf 73' lang='lat' dir='ltr'><strong>fingendisi</strong></span> <span class='ocrx_word' id='word_1_219' title='bbox 881 2967 1064 3052; x_wconf 77' lang='lat' dir='ltr'><strong>Quantopere</strong></span> <span class='ocrx_word' id='word_1_220' title='bbox 1078 2974 1275 3056; x_wconf 76' lang='lat' dir='ltr'><strong>apocryphae,</strong></span> <span class='ocrx_word' id='word_1_221' title='bbox 1298 2997 1370 3056; x_wconf 87' lang='lat' dir='ltr'><strong>quae</strong></span> 
     </span>
    </p>
   </div>
   <div class='ocr_carea' id='block_1_8' title="bbox 201 3067 1368 3157">
    <p class='ocr_par' dir='ltr' id='par_1_8' title="bbox 201 3067 1368 3157">
     <span class='ocr_line' id='line_1_26' title="bbox 201 3067 1368 3157; baseline -0.003 -15"><span class='ocrx_word' id='word_1_222' title='bbox 201 3115 211 3142; x_wconf 87' lang='grc'><strong>.</strong></span> <span class='ocrx_word' id='word_1_223' title='bbox 297 3076 448 3154; x_wconf 88' lang='lat' dir='ltr'><strong>dicuutur,</strong></span> <span class='ocrx_word' id='word_1_224' title='bbox 476 3072 648 3134; x_wconf 85' lang='lat' dir='ltr'><strong>ludaeorum</strong></span> <span class='ocrx_word' id='word_1_225' title='bbox 676 3069 813 3134; x_wconf 88' lang='lat' dir='ltr'><strong>historiae</strong></span> <span class='ocrx_word' id='word_1_226' title='bbox 834 3067 974 3135; x_wconf 86' lang='lat' dir='ltr'><strong>eiusmodi</strong></span> <span class='ocrx_word' id='word_1_227' title='bbox 1002 3069 1197 3154; x_wconf 86' lang='lat' dir='ltr'><strong>orationibus,</strong></span> <span class='ocrx_word' id='word_1_228' title='bbox 1227 3077 1368 3157; x_wconf 84' lang='lat' dir='ltr'><strong>precihus,</strong></span> 
     </span>
    </p>
   </div>
   <div class='ocr_carea' id='block_1_9' title="bbox 242 3172 1368 4406">
    <p class='ocr_par' dir='ltr' id='par_1_9' title="bbox 242 3172 1368 4386">
     <span class='ocr_line' id='line_1_27' title="bbox 299 3172 1368 3252; baseline -0.001 -8"><span class='ocrx_word' id='word_1_229' title='bbox 299 3175 402 3244; x_wconf 84' lang='lat' dir='ltr'><strong>odietis</strong></span> <span class='ocrx_word' id='word_1_230' title='bbox 423 3176 545 3239; x_wconf 81' lang='lat' dir='ltr'><strong>refertae</strong></span> <span class='ocrx_word' id='word_1_231' title='bbox 566 3173 649 3236; x_wconf 73' lang='lat' dir='ltr'><strong>sunt!</strong></span> <span class='ocrx_word' id='word_1_232' title='bbox 691 3172 838 3252; x_wconf 80' lang='lat' dir='ltr'><strong>Quantam</strong></span> <span class='ocrx_word' id='word_1_233' title='bbox 857 3192 925 3238; x_wconf 84' lang='lat' dir='ltr'><strong>vcro</strong></span> <span class='ocrx_word' id='word_1_234' title='bbox 948 3173 1082 3240; x_wconf 85' lang='lat' dir='ltr'><strong>volumen</strong></span> <span class='ocrx_word' id='word_1_235' title='bbox 1102 3176 1245 3242; x_wconf 84' lang='lat' dir='ltr'><strong>Estherac</strong></span> <span class='ocrx_word' id='word_1_236' title='bbox 1265 3180 1295 3242; x_wconf 95' lang='lat' dir='ltr'><strong>in</strong></span> <span class='ocrx_word' id='word_1_237' title='bbox 1312 3183 1368 3243; x_wconf 92' lang='lat' dir='ltr'><strong>hac</strong></span> 
     </span>
     <span class='ocr_line' id='line_1_28' title="bbox 298 3273 1364 3364; baseline 0 -18"><span class='ocrx_word' id='word_1_238' title='bbox 298 3302 334 3346; x_wconf 89' lang='lat' dir='ltr'><strong>ro</strong></span> <span class='ocrx_word' id='word_1_239' title='bbox 361 3279 491 3362; x_wconf 89' lang='lat' dir='ltr'><strong>sequitur</strong></span> <span class='ocrx_word' id='word_1_240' title='bbox 517 3273 742 3340; x_wconf 85' lang='lat' dir='ltr'><strong>moderationem</strong></span> <span class='ocrx_word' id='word_1_241' title='bbox 763 3285 792 3339; x_wconf 88' lang='lat' dir='ltr'><strong>et</strong></span> <span class='ocrx_word' id='word_1_242' title='bbox 813 3275 975 3350; x_wconf 84' lang='lat' dir='ltr'><strong>silentium!</strong></span> <span class='ocrx_word' id='word_1_243' title='bbox 1020 3279 1215 3364; x_wconf 76' lang='lat' dir='ltr'><strong>Quaecunque</strong></span> <span class='ocrx_word' id='word_1_244' title='bbox 1229 3282 1299 3364; x_wconf 68' lang='lat' dir='ltr'><strong>,iere</strong></span> <span class='ocrx_word' id='word_1_245' title='bbox 1317 3305 1364 3346; x_wconf 89' lang='lat' dir='ltr'><strong>res</strong></span> 
     </span>
     <span class='ocr_line' id='line_1_29' title="bbox 297 3377 1362 3466; baseline -0.004 -16"><span class='ocrx_word' id='word_1_246' title='bbox 297 3391 474 3462; x_wconf 80' lang='lat' dir='ltr'><strong>narrantur,</strong></span> <span class='ocrx_word' id='word_1_247' title='bbox 496 3386 624 3460; x_wconf 83' lang='lat' dir='ltr'><strong>aguntur</strong></span> <span class='ocrx_word' id='word_1_248' title='bbox 643 3377 674 3439; x_wconf 92' lang='lat' dir='ltr'><strong>iu</strong></span> <span class='ocrx_word' id='word_1_249' title='bbox 695 3377 826 3461; x_wconf 83' lang='lat' dir='ltr'><strong>publico,</strong></span> <span class='ocrx_word' id='word_1_250' title='bbox 854 3380 998 3462; x_wconf 85' lang='lat' dir='ltr'><strong>permulto</strong></span> <span class='ocrx_word' id='word_1_251' title='bbox 1017 3379 1107 3462; x_wconf 76' lang='lat' dir='ltr'><strong>igitur</strong></span> <span class='ocrx_word' id='word_1_252' title='bbox 1126 3381 1181 3444; x_wconf 83' lang='lat' dir='ltr'><strong>init</strong></span> <span class='ocrx_word' id='word_1_253' title='bbox 1200 3384 1279 3466; x_wconf 70' lang='lat' dir='ltr'><strong>copie</strong></span> <span class='ocrx_word' id='word_1_254' title='bbox 1299 3406 1362 3449; x_wconf 85' lang='lat' dir='ltr'><strong>rer-</strong></span> 
     </span>
     <span class='ocr_line' id='line_1_30' title="bbox 242 3480 1358 3568; baseline -0.003 -20"><span class='ocrx_word' id='word_1_255' title='bbox 242 3539 247 3548; x_wconf 86' lang='lat'>.</span> <span class='ocrx_word' id='word_1_256' title='bbox 297 3490 339 3553; x_wconf 88' lang='lat' dir='ltr'><strong>ha</strong></span> <span class='ocrx_word' id='word_1_257' title='bbox 364 3503 475 3566; x_wconf 80' lang='lat' dir='ltr'><strong>magna</strong></span> <span class='ocrx_word' id='word_1_258' title='bbox 500 3492 539 3544; x_wconf 80' lang='lat' dir='ltr'><strong>et·</strong></span> <span class='ocrx_word' id='word_1_259' title='bbox 555 3480 686 3563; x_wconf 85' lang='lat' dir='ltr'><strong>speciosa</strong></span> <span class='ocrx_word' id='word_1_260' title='bbox 705 3481 856 3564; x_wconf 86' lang='lat' dir='ltr'><strong>personis,</strong></span> <span class='ocrx_word' id='word_1_261' title='bbox 882 3503 956 3564; x_wconf 87' lang='lat' dir='ltr'><strong>quae</strong></span> <span class='ocrx_word' id='word_1_262' title='bbox 979 3483 1196 3568; x_wconf 90' lang='lat' dir='ltr'><strong>inducerentur,</strong></span> <span class='ocrx_word' id='word_1_263' title='bbox 1230 3484 1358 3552; x_wconf 86' lang='lat' dir='ltr'><strong>tritnendi</strong></span> 
     </span>
     <span class='ocr_line' id='line_1_31' title="bbox 299 3585 1362 3680; baseline 0.001 -27"><span class='ocrx_word' id='word_1_264' title='bbox 299 3600 328 3654; x_wconf 90' lang='lat' dir='ltr'><strong>et</strong></span> <span class='ocrx_word' id='word_1_265' title='bbox 349 3592 421 3653; x_wconf 84' lang='lat' dir='ltr'><strong>satis</strong></span> <span class='ocrx_word' id='word_1_266' title='bbox 440 3597 536 3651; x_wconf 91' lang='lat' dir='ltr'><strong>notum</strong></span> <span class='ocrx_word' id='word_1_267' title='bbox 556 3593 618 3666; x_wconf 89' lang='lat' dir='ltr'><strong>est,</strong></span> <span class='ocrx_word' id='word_1_268' title='bbox 635 3607 672 3649; x_wconf 90' lang='lat' dir='ltr'><strong>ne</strong></span> <span class='ocrx_word' id='word_1_269' title='bbox 693 3585 848 3650; x_wconf 85' lang='lat' dir='ltr'><strong>fidissimos</strong></span> <span class='ocrx_word' id='word_1_270' title='bbox 869 3587 982 3670; x_wconf 89' lang='lat' dir='ltr'><strong>quidem</strong></span> <span class='ocrx_word' id='word_1_271' title='bbox 1004 3609 1129 3672; x_wconf 87' lang='lat' dir='ltr'><strong>quosque</strong></span> <span class='ocrx_word' id='word_1_272' title='bbox 1144 3589 1292 3680; x_wconf 82' lang='lat' dir='ltr'><strong>historicos</strong></span> <span class='ocrx_word' id='word_1_273' title='bbox 1310 3611 1362 3655; x_wconf 89' lang='lat' dir='ltr'><strong>au-</strong></span> 
     </span>
     <span class='ocr_line' id='line_1_32' title="bbox 285 3681 1364 3784; baseline 0.003 -28"><span class='ocrx_word' id='word_1_274' title='bbox 285 3687 392 3784; x_wconf 75' lang='lat' dir='ltr'><strong>&#39;tiques</strong></span> <span class='ocrx_word' id='word_1_275' title='bbox 417 3691 449 3755; x_wconf 92' lang='lat' dir='ltr'><strong>in</strong></span> <span class='ocrx_word' id='word_1_276' title='bbox 476 3693 531 3754; x_wconf 87' lang='lat' dir='ltr'><strong>hac</strong></span> <span class='ocrx_word' id='word_1_277' title='bbox 563 3709 595 3752; x_wconf 93' lang='lat' dir='ltr'><strong>re</strong></span> <span class='ocrx_word' id='word_1_278' title='bbox 619 3688 668 3752; x_wconf 88' lang='lat' dir='ltr'><strong>ita</strong></span> <span class='ocrx_word' id='word_1_279' title='bbox 698 3690 791 3768; x_wconf 78' lang='lat' dir='ltr'><strong>fuisse</strong></span> <span class='ocrx_word' id='word_1_280' title='bbox 818 3691 942 3770; x_wconf 84' lang='lat' dir='ltr'><strong>anxios,</strong></span> <span class='ocrx_word' id='word_1_281' title='bbox 977 3681 1028 3754; x_wconf 87' lang='grc' dir='ltr'><strong>ιι6</strong></span> <span class='ocrx_word' id='word_1_282' title='bbox 1065 3711 1249 3776; x_wconf 88' lang='lat' dir='ltr'><strong>quaecunque</strong></span> <span class='ocrx_word' id='word_1_283' title='bbox 1280 3699 1364 3759; x_wconf 84' lang='lat' dir='ltr'><strong>rerba</strong></span> 
     </span>
     <span class='ocr_line' id='line_1_33' title="bbox 297 3791 1365 3907; baseline 0.007 -52.007"><span class='ocrx_word' id='word_1_284' title='bbox 297 3797 352 3888; x_wconf 89' lang='grc' dir='ltr'><strong>ιι6</strong></span> <span class='ocrx_word' id='word_1_285' title='bbox 360 3812 498 3907; x_wconf 77' lang='lat' dir='ltr'><strong>quemque</strong></span> <span class='ocrx_word' id='word_1_286' title='bbox 520 3791 614 3854; x_wconf 88' lang='lat' dir='ltr'><strong>locum</strong></span> <span class='ocrx_word' id='word_1_287' title='bbox 636 3799 663 3854; x_wconf 91' lang='lat' dir='ltr'><strong>et</strong></span> <span class='ocrx_word' id='word_1_288' title='bbox 680 3810 833 3874; x_wconf 88' lang='lat' dir='ltr'><strong>personam</strong></span> <span class='ocrx_word' id='word_1_289' title='bbox 852 3800 919 3872; x_wconf 89' lang='lat' dir='ltr'><strong>apta</strong></span> <span class='ocrx_word' id='word_1_290' title='bbox 937 3793 1092 3876; x_wconf 87' lang='lat' dir='ltr'><strong>haherent,</strong></span> <span class='ocrx_word' id='word_1_291' title='bbox 1115 3816 1154 3858; x_wconf 88' lang='lat' dir='ltr'><strong>ex</strong></span> <span class='ocrx_word' id='word_1_292' title='bbox 1171 3813 1224 3860; x_wconf 87' lang='lat' dir='ltr'><strong>suo</strong></span> <span class='ocrx_word' id='word_1_293' title='bbox 1241 3797 1365 3879; x_wconf 88' lang='lat' dir='ltr'><strong>ipsorum</strong></span> 
     </span>
     <span class='ocr_line' id='line_1_34' title="bbox 299 3886 1364 3978; baseline 0.005 -23"><span class='ocrx_word' id='word_1_294' title='bbox 299 3892 419 3976; x_wconf 80' lang='lat' dir='ltr'><strong>ingenio</strong></span> <span class='ocrx_word' id='word_1_295' title='bbox 440 3893 622 3975; x_wconf 87' lang='lat' dir='ltr'><strong>suppeditare</strong></span> <span class='ocrx_word' id='word_1_296' title='bbox 641 3912 701 3954; x_wconf 92' lang='lat' dir='ltr'><strong>uon</strong></span> <span class='ocrx_word' id='word_1_297' title='bbox 719 3886 878 3956; x_wconf 83' lang='lat' dir='ltr'><strong>dubitasse.</strong></span> <span class='ocrx_word' id='word_1_298' title='bbox 920 3891 1094 3960; x_wconf 81' lang='lat' dir='ltr'><strong>Referuutu&#39;r</strong></span> <span class='ocrx_word' id='word_1_299' title='bbox 1112 3895 1254 3978; x_wconf 91' lang='lat' dir='ltr'><strong>quidem</strong></span> <span class='ocrx_word' id='word_1_300' title='bbox 1246 3917 1274 3958; x_wconf 91' lang='lat' dir='ltr'><strong>m</strong></span> <span class='ocrx_word' id='word_1_301' title='bbox 1291 3895 1364 3960; x_wconf 87' lang='lat' dir='ltr'><strong>lihro</strong></span> 
     </span>
     <span class='ocr_line' id='line_1_35' title="bbox 298 3977 1364 4109; baseline 0 -48"><span class='ocrx_word' id='word_1_302' title='bbox 298 3997 440 4061; x_wconf 83' lang='lat' dir='ltr'><strong>Estherae</strong></span> <span class='ocrx_word' id='word_1_303' title='bbox 461 3977 719 4109; x_wconf 76' lang='lat' dir='ltr'><strong>interrogationes,</strong></span> <span class='ocrx_word' id='word_1_304' title='bbox 748 4013 907 4077; x_wconf 89' lang='lat' dir='ltr'><strong>respousa,</strong></span> <span class='ocrx_word' id='word_1_305' title='bbox 926 3994 1074 4078; x_wconf 77' lang='lat' dir='ltr'><strong>longiores</strong></span> <span class='ocrx_word' id='word_1_306' title='bbox 1095 3998 1183 4079; x_wconf 86' lang='lat' dir='ltr'><strong>etiam</strong></span> <span class='ocrx_word' id='word_1_307' title='bbox 1203 3992 1364 4061; x_wconf 81' lang='lat' dir='ltr'><strong>oratiuncu-</strong></span> 
     </span>
     <span class='ocr_line' id='line_1_36' title="bbox 298 4094 1361 4180; baseline 0 -20"><span class='ocrx_word' id='word_1_308' title='bbox 298 4098 364 4180; x_wconf 83' lang='lat' dir='ltr'><strong>lae,</strong></span> <span class='ocrx_word' id='word_1_309' title='bbox 386 4099 437 4164; x_wconf 82' lang='lat' dir='ltr'><strong>sed</strong></span> <span class='ocrx_word' id='word_1_310' title='bbox 460 4094 646 4159; x_wconf 88' lang='lat' dir='ltr'><strong>haecomnia</strong></span> <span class='ocrx_word' id='word_1_311' title='bbox 667 4096 820 4157; x_wconf 90' lang='lat' dir='ltr'><strong>adrerum</strong></span> <span class='ocrx_word' id='word_1_312' title='bbox 840 4114 944 4160; x_wconf 88' lang='lat' dir='ltr'><strong>causas</strong></span> <span class='ocrx_word' id='word_1_313' title='bbox 966 4095 1171 4178; x_wconf 77' lang='lat' dir='ltr'><strong>intelligendas</strong></span> <span class='ocrx_word' id='word_1_314' title='bbox 1192 4097 1361 4178; x_wconf 86' lang='lat' dir='ltr'><strong>necessaria,</strong></span> 
     </span>
     <span class='ocr_line' id='line_1_37' title="bbox 298 4197 1360 4296; baseline -0.002 -32"><span class='ocrx_word' id='word_1_315' title='bbox 298 4219 389 4296; x_wconf 84' lang='lat' dir='ltr'><strong>nequo</strong></span> <span class='ocrx_word' id='word_1_316' title='bbox 409 4200 439 4264; x_wconf 86' lang='lat' dir='ltr'><strong>in</strong></span> <span class='ocrx_word' id='word_1_317' title='bbox 461 4199 507 4261; x_wconf 88' lang='lat' dir='ltr'><strong>his</strong></span> <span class='ocrx_word' id='word_1_318' title='bbox 529 4199 683 4294; x_wconf 79' lang='lat' dir='ltr'><strong>quidquam</strong></span> <span class='ocrx_word' id='word_1_319' title='bbox 705 4205 749 4258; x_wconf 90' lang='lat' dir='ltr'><strong>est</strong></span> <span class='ocrx_word' id='word_1_320' title='bbox 770 4199 932 4262; x_wconf 83' lang='lat' dir='ltr'><strong>abundans.</strong></span> <span class='ocrx_word' id='word_1_321' title='bbox 973 4197 1095 4266; x_wconf 86' lang='lat' dir='ltr'><strong>Nullum</strong></span> <span class='ocrx_word' id='word_1_322' title='bbox 1116 4219 1184 4264; x_wconf 83' lang='lat' dir='ltr'><strong>vero</strong></span> <span class='ocrx_word' id='word_1_323' title='bbox 1206 4199 1360 4262; x_wconf 86' lang='lat' dir='ltr'><strong>mandatum</strong></span> 
     </span>
     <span class='ocr_line' id='line_1_38' title="bbox 296 4297 1359 4406; baseline 0.014 -52.014"><span class='ocrx_word' id='word_1_324' title='bbox 296 4297 413 4388; x_wconf 82' lang='lat' dir='ltr'><strong>regium</strong></span> <span class='ocrx_word' id='word_1_325' title='bbox 434 4297 587 4378; x_wconf 82' lang='lat' dir='ltr'><strong>scriptum,</strong></span> <span class='ocrx_word' id='word_1_326' title='bbox 610 4312 736 4406; x_wconf 44' lang='lat' dir='ltr'><strong>quorum·</strong></span> <span class='ocrx_word' id='word_1_327' title='bbox 751 4305 874 4380; x_wconf 82' lang='lat' dir='ltr'><strong>quatuor</strong></span> <span class='ocrx_word' id='word_1_328' title='bbox 896 4309 1154 4362; x_wconf 78' lang='lat' dir='ltr'><strong>commemorantur</strong></span> <span class='ocrx_word' id='word_1_329' title='bbox 1174 4299 1359 4386; x_wconf 78' lang='lat'><strong>(1,19·22·</strong></span> 
     </span>
    </p>
   </div>
   <div class='ocr_carea' id='block_1_10' title="bbox 156 4387 1357 4508">
    <p class='ocr_par' dir='ltr' id='par_1_10' title="bbox 156 4387 1357 4508">
     <span class='ocr_line' id='line_1_39' title="bbox 156 4387 1357 4508; baseline -0.002 -43"><span class='ocrx_word' id='word_1_330' title='bbox 156 4489 162 4502; x_wconf 22' lang='lat' dir='ltr'><em>r</em></span> <span class='ocrx_word' id='word_1_331' title='bbox 234 4411 236 4417; x_wconf 58' lang='lat'><strong>⁴</strong></span> <span class='ocrx_word' id='word_1_332' title='bbox 298 4397 410 4476; x_wconf 82' lang='lat'><strong>3,1.2</strong></span> <span class='ocrx_word' id='word_1_333' title='bbox 437 4387 754 4480; x_wconf 84' lang='lat' dir='ltr'><strong>8,10etc.),ipsia</strong></span> <span class='ocrx_word' id='word_1_334' title='bbox 784 4390 881 4466; x_wconf 75' lang='lat' dir='ltr'><strong>verbis</strong></span> <span class='ocrx_word' id='word_1_335' title='bbox 908 4393 1048 4508; x_wconf 76' lang='lat' dir='ltr'><strong>refertur,</strong></span> <span class='ocrx_word' id='word_1_336' title='bbox 1077 4399 1128 4462; x_wconf 88' lang='lat' dir='ltr'><strong>sed</strong></span> <span class='ocrx_word' id='word_1_337' title='bbox 1156 4401 1357 4470; x_wconf 75' lang='lat' dir='ltr'><strong>hreietanum</strong></span> 
     </span>
    </p>
   </div>
   <div class='ocr_carea' id='block_1_11' title="bbox 0 0 1452 5016">
    <p class='ocr_par' dir='ltr' id='par_1_11' title="bbox 0 0 1452 5016">
     <span class='ocr_line' id='line_1_40' title="bbox 0 0 1452 5016; baseline 0 0"><span class='ocrx_word' id='word_1_338' title='bbox 0 0 1452 5016; x_wconf 95' lang='lat' dir='ltr'><strong> </strong></span> 
     </span>
    </p>
   </div>
  </div>
 </body>
</html>
