2874 5016
803 457 857 589 sn

232 755 234 762 y
309 675 412 763 tieere,
437 679 567 746 diuinam
595 679 769 746 consiliasse
789 701 877 765 opem
907 687 1040 764 putentur
1064 699 1184 745 neeesse
1205 691 1264 747 est.
1321 682 1406 752 Turn

300 781 338 880 ,⁸¹
358 781 568 950 {undecimus
591 783 737 860 Esthorae
765 787 936 869 respondet.
970 784 997 848 si
1019 783 1087 867 ipsa
1108 786 1230 851 taoitura
1253 786 1319 870 sit,
1351 792 1406 855 lu-

282 897 284 904 ’
310 886 375 949 daer
412 887 530 952 aliunde
551 885 697 953 auxilium
716 889 873 970 orituram,
903 889 986 952 iiiam
1007 907 1076 954 uem
1097 893 1270 979 eumdumo
1293 903 1406 975 pater-

90 991 99 1090 ¹,
209 1045 228 1058 ,
309 1008 349 1053 na
367 989 522 1074 perituram
545 1011 611 1055 esse
630 989 687 1073 (4,
717 993 803 1076 ss),
831 993 899 1076 quid
926 993 1007 1057 aliud
1034 993 1091 1056 luno
1114 996 1240 1058 obseura
1260 1001 1404 1064 oratioue

308 1089 433 1174 iudieat,·
461 1113 548 1188 quam
565 1091 701 1156 fiduciam
721 1113 805 1156 suom
827 1093 919 1158 diuini
937 1092 1065 1157 anxilii?
1107 1093 1185 1158 Nam
1206 1099 1246 1158 ab
1271 1099 1319 1162 rei
1345 1123 1392 1166 ua-

210 1273 239 1296 ·.
307 1205 375 1262 tura
395 1209 519 1279 prorsus,
544 1193 642 1258 aliena
672 1205 716 1260 est
743 1196 848 1260 Oederi
871 1196 1055 1278 coniectura,
1093 1197 1142 1280 qui
1162 1198 1376 1268 Mordeehaeuu

306 1297 442 1380 opinetur
467 1295 567 1361 verbis
598 1295 661 1360 illis
696 1297 828 1361 obscuris
859 1297 1010 1363 tumultum
1032 1297 1204 1364 ludaeorum
1230 1302 1406 1384 iudicasse*

145 1421 147 1425 v
205 1461 207 1466 ,
308 1401 374 1484 qui
394 1418 493 1463 aroern
521 1399 661 1464 Susermu
695 1401 863 1484 oeeupotnri
899 1399 928 1465 et
955 1399 1111 1494 Eutheram
1136 1404 1261 1473 anemuri
1292 1420 1390 1472 essent

308 1506 357 1592 (p.
373 1502 439 1572 130
449 1502 530 1587 eta).
579 1503 658 1574 'Pam
687 1504 792 1569 stultus
819 1505 1044 1588 ot'imprudeus
1071 1505 1286 1574 Mordeehaeus
1306 1512 1383 1574 'adias

274 1681 277 1697 Ι
309 1631 369 1674 non
393 1615 529 1692 apparet,
557 1606 607 1688 qui
631 1592 752 1672 iudaeos
775 1607 865 1708 *valde
892 1628 1001 1692 pauens
1031 1618 1059 1672 et
1085 1610 1234 1692 eaptivos,
1263 1614 1309 1694 qui
1331 1614 1372 1675 siu

310 1713 407 1780 anniae
441 1715 587 1780 decretum
615 1709 761 1775 Humanis
800 1711 934 1777 audirent
969 1730 1069 1776 omnes
1085 1712 1219 1792 {animis
1239 1719 1374 1798 raderent,

298 1815 425 1903 .opiur“ari
453 1814 574 1898 potuerit
590 1822 693 1878 uonna
708 1831 810 1878 amem
828 1816 968 1880 munitam
989 1824 1019 1878 et
1038 1815 1147 1884 milites
1169 1817 1317 1883 Ahasueri
1336 1839 1380 1882 ar·

308 1939 359 1986 rua
387 1935 559 2000 oapessums
584 1914 689 1980 inisse.
736 1917 785 1980 Au
812 1917 910 1982 omnia
938 1917 1014 1981 forta
1039 1920 1075 1981 ad
1097 1917 1253 1982 Erthsram
1275 1930 1406 1984 tantun*

309 2023 473 2088 terrendam
490 2017 648 2102 composita
667 2021 755 2082 santi
796 2017 864 2086 Noa
886 2019 981 2084 dubito
1003 2019 1070 2104 quin
1091 2021 1218 2086 Esthera
1237 2023 1313 2088 talis
1335 2025 1382 2088 uri·

309 2125 437 2192 nationis
455 2122 618 2197 *uanitatem
637 2131 823 2206 perspeotura
850 2129 936 2206 atque
957 2123 1084 2190 illusura
1100 2125 1200 2190 fuerit.
1251 2127 1384 2212 Denique

308 2228 338 2292 si
352 2223 455 2291 ludaei
480 2222 591 2306 antiqui
614 2221 770 2306 impietatis
799 2231 896 2288 uotam
919 2223 1049 2307 aliquam
1074 2224 1124 2290 vel
1150 2225 1336 2292 levissimam
1357 2230 1383 2292 in

239 2359 241 2364 ·
274 2416 278 2426 „
309 2331 387 2396 libro
404 2333 502 2392 nostru
523 2323 792 2410 deprehendissent,
815 2327 898 2392 nullo
916 2336 1001 2410 paeto
1022 2329 1213 2418 eum‘eeteris
1230 2331 1333 2396 saeris
1351 2332 1385 2394 li-

309 2435 373 2501 ltris
398 2431 581 2497 adiecissent.
604 2501 609 2525 f
632 2430 783 2495 Eiusmodi
803 2431 985 2514 argumentis
1006 2433 1117 2496 erimen
1143 2433 1305 2514 impietatis
1329 2437 1386 2500 ianr

308 2556 331 2603 a
347 2535 493 2602 veteribus
513 2534 678 2616 theologis,
699 2533 749 2616 qui
770 2533 838 2596 libri
854 2535 996 2600 Estderao
1010 2535 1178 2648 eanoniearp
1199 2537 1387 2604 defenderent

308 2640 521 2738 ¹auctoritatem,
549 2637 623 2701 satis
641 2653 783 2720 superque
798 2635 919 2702 driutum
940 2647 1000 2720 est,
1025 2647 1054 2703 et
1079 2648 1157 2704 reete
1178 2649 1276 2704 mouet
1289 2641 1386 2726 Carp-

307 2745 423 2828 uuuius:
444 2741 565 2806 sileatur
585 2759 709 2821 nomeu,
732 2741 949 2807 dummodoliei
968 2741 1000 2806 in
1017 2741 1095 2805 libro
1117 2761 1220 2826 opera,
1239 2742 1387 2809 miracula

217 2836 221 2844 ’
308 2865 348 2913 ao
364 2843 503 2912 beneficia
523 2840 714 2906 eelebreutur.

409 2948 470 3012 Sed
490 2945 565 3008 haee
584 2941 713 3006 defensio
733 2941 832 3023 nobis,
860 2941 911 3024 qni
937 2941 970 3006 in
996 2941 1076 3006 libri·
1093 2940 1222 3006 indolem
1238 2943 1386 3034 ‘inquira-

257 3081 259 3086 ·
307 3046 389 3132 mus,
409 3070 468 3113 noa
487 3045 610 3126 suffieit,
626 3065 684 3112 ‚nos
705 3043 781 3107 euim
802 3063 920 3110 oausam
941 3043 1154 3110 huiussilentii
1175 3065 1316 3130 quaerere
1328 3052 1384 3113 de·

307 3157 420 3221 neruos.
452 3149 551 3242 Hane.
565 3169 633 3212 uem
654 3163 774 3218 oausam
790 3146 837 3214 illi
856 3167 915 3212 non
932 3148 1118 3232 inuenerunt,
1136 3152 1186 3212 sed
1205 3158 1255 3212 aut
1270 3152 1306 3213 de
1323 3152 1383 3215 hae

308 3255 480 3342 quaestione
504 3256 709 3334 desperarunt,
746 3261 797 3316 aut
820 3245 1055 3340 quemadmodum
1082 3251 1287 3335 Hottingerus,
1327 3258 1381 3337 qui

270 3360 274 3374 ”
306 3363 380 3428 iilud
401 3357 545 3424 silentium
568 3356 778 3438 inde'repetat,
820 3358 893 3436 quod
912 3356 984 3418 haee
1006 3355 1127 3418 historia
1149 3375 1286 3438 magnam
1306 3379 1379 3439 par.

307 3475 365 3538 tem
393 3483 431 3528 ex
459 3459 610 3524 annalibus
635 3477 739 3542 regum
759 3456 917 3524 Persarum
943 3457 1085 3522 translata
1105 3457 1208 3538 inerit,
1236 3461 1370 3524 absurdas

306 3567 483 3662 protulerunt
509 3561 669 3644 opiniones.
717 3562 860 3626 Nimirum
880 3563 913 3626 iu
933 3581 968 3626 eo
985 3561 1030 3625 illi
1052 3567 1164 3640 errant,
1192 3566 1265 3644 quod
1283 3560 1375 3624 silen-

306 3672 381 3734 tium
409 3672 445 3732 de
465 3667 563 3731 diuino
591 3664 706 3729 nomine
732 3676 764 3728 ut
782 3685 844 3730 rem
866 3667 1010 3748 quandam
1039 3663 1220 3746 singularem
1239 3673 1268 3727 et
1287 3685 1377 3744 sepu-

208 3833 210 3840 Α
306 3765 394 3836 aitanr
415 3779 565 3852 spectant,
592 3769 727 3832 cohaeret
742 3768 819 3838 euim
838 3767 910 3832 iliud
931 3765 1079 3831 silentium
1100 3786 1164 3828 eum
1185 3765 1284 3830 multis
1305 3765 1377 3830 aliis

259 3919 263 3932 .
305 3885 410 3962 renus,
430 3873 557 3960 quaein
578 3876 654 3940 libro
674 3888 773 3939 nosue
794 3882 960 3939 cernuntur.
985 3871 1102 3964 Etenim
1120 3871 1213 3954 pietas
1225 3871 1378 3936 Hebraeo-

151 4001 155 4013 ’
199 4041 201 4047 s
305 3979 370 4046 runr¹
386 3990 414 4044 et
432 3978 560 4043 maxime
581 3999 695 4058 eurum,
730 3978 779 4062 qui
799 3987 863 4062 pust
884 3987 1013 4061 tempera
1031 3975 1167 4040 vixerunt
1187 3973 1375 4058 Babylonica,

305 4088 393 4154 eertis
414 4087 585 4170 quidusdam
606 4085 707 4150 ferinis
729 4085 861 4169 externis
882 4082 925 4148 ita
946 4079 1084 4147 adstricta
1104 4088 1202 4160 erat,*
1214 4088 1246 4142 ut
1265 4078 1316 4143 uix
1334 4081 1375 4142 ab

305 4171 466 4272 iis‘pusset,
489 4188 619 4253 secerni
662 4187 763 4250 Omnis
782 4206 849 4269 spes
865 4194 893 4249 et
911 4184 1023 4248 laetitia
1042 4178 1242 4266 israelitarum
1260 4181 1373 4264 piorum

303 4294 402 4375 posita
423 4301 485 4356 erat
499 4279 544 4354 ¹iu
566 4299 659 4358 terrae
677 4307 780 4350 sacrae
802 4286 999 4372 possessione,
1026 4281 1186 4366 quicunque
1213 4281 1303 4345 uultus
1322 4282 1373 4344 le-

75 4409 83 4422 '
198 4437 201 4442 -
301 4399 397 4460 hovae
418 4395 604 4486 tribueretur,
624 4389 706 4454 nefor
729 4398 829 4454 erata
850 4400 927 4458 oerto
942 4391 1064 4471 quodam
1080 4385 1162 4468 loeo5
1183 4381 1371 4467 templuflie-

305 4498 528 4581 rosolpmitano,
554 4493 740 4582 disiungere,
776 4501 805 4558 et
831 4478 919 4560 eertis
947 4490 1117 4575 quibusdam
1144 4485 1369 4554 eaeremoniisa
