2774 5014
505 1091 507 1099 ’
590 1099 834 1224 Ι(Ἰειιιιιί
872 1067 977 1192 IV.

258 1219 1178 1346 Testimoniohistorieretheroentinnde
1193 1281 1331 1390 petitq

675 1463 925 1478 m—

258 1600 364 1688 Si'ao
387 1637 451 1683 eam
473 1619 567 1700 viam,
604 1643 689 1704 qnam
718 1624 749 1686 in
775 1622 870 1705 capite
892 1619 1218 1719 proximopersequuti
1236 1628 1335 1709 simus,

256 1721 447 1802 respicimus,
469 1723 523 1783 hoo
545 1722 629 1785 nohis
649 1725 779 1788 videmur
803 1724 956 1802 effecisse,
979 1733 1010 1786 ut
1027 1746 1220 1808 quaeeunque
1242 1728 1275 1792 in
1290 1749 1333 1792 vo
1383 1765 1384 1768 =

257 1825 366 1888 lumina
387 1825 531 1888 Estherae
552 1833 702 1892 narrentur
726 1848 790 1890 enm
811 1827 967 1890 Persarum
989 1828 1109 1910 ingenio
1135 1837 1164 1890 et
1178 1815 1338 1896 'cousuetu-

258 1928 373 1990 dinibus
398 1929 520 2010 egregie
544 1930 715 2012 convenire,
740 1952 835 2012 neque
863 1931 895 1992 in
924 1933 981 2010 hoo
1001 1932 1064 1994 loeo
1087 1933 1242 2014 quidquam
1268 1953 1339 1996 am-

167 2057 169 2067 ¹
257 2030 334 2112 plius
348 2033 394 2092 ad
414 2030 502 2094 fidem
517 2030 656 2096 historiae
676 2036 810 2096 tuendam
831 2052 916 2114 posse
939 2034 1047 2114 requiri
1070 2050 1235 2116 appareret.
1265 2036 1337 2099 Cum

204 2211 209 2218 .
258 2143 354 2196 entem
380 2135 452 2197 haee
481 2136 574 2199 omnis
604 2137 816 2217 argumentatio
840 2157 873 2196 eo
896 2136 1021 2214 nitatur,
1056 2145 1089 2198 nt
1117 2137 1186 2198 libri
1209 2138 1284 2202 fides
1304 2159 1337 2201 ex

257 2239 382 2314 aliorum
404 2239 628 2302 testimoniorum
651 2237 1079 2320 comparatione'demonstrari
1110 2242 1221 2322 possit,
1253 2264 1336 2305 noun

182 2371 189 2399 o
260 2348 369 2402 tantum
391 2351 500 2422 partem
519 2343 605 2405 huius
621 2343 873 2406 demonstrationis
890 2340 1087 2406 absolvimus.
1113 2343 1248 2410 Instituta
1265 2348 1334 2408 enin

259 2451 288 2504 et
309 2455 424 2522 mores,
447 2464 519 2524 qnae
541 2445 688 2524 hueusque
709 2445 740 2506 in
758 2440 951 2525 quaestionem
969 2445 1155 2524 vocavimus,
1177 2447 1252 2508 nihii
1275 2457 1335 2510 sunt

257 2541 318 2604 nisi
336 2543 489 2607 universae
512 2535 652 2626 quaedam
672 2563 779 2607 causae
799 2553 827 2606 et
849 2543 1045 2623 conditiones,
1068 2555 1229 2625 quaerum
1254 2551 1338 2611 rebus

228 2635 536 2726 ‚gestis'amtissimo
558 2647 671 2729 quidem
692 2635 880 2723 cohaereant,
904 2646 955 2706 sed
978 2645 1031 2726 pe'r
1051 2665 1083 2706 se
1105 2665 1153 2706 res
1175 2647 1262 2725 ipsas
1282 2667 1337 2710 non

257 2747 395 2813 efficiant.
435 2748 481 2810 Ad
510 2749 565 2812 has
595 2749 749 2812 universas
773 2769 878 2812 causas
904 2750 1045 2810 ascedant
1068 2759 1186 2810 neeesse
1209 2762 1258 2828 est
1279 2751 1337 2812 alia

175 2927 180 2938 ἱ
257 2861 401 2914 momenta
420 2839 577 2932 quaedem,
607 2871 682 2934 qnae
703 2873 741 2914 ex
763 2851 850 2914 certis
872 2850 1037 2912 hominihus
1061 2859 1148 2928 etex
1171 2851 1262 2916 certis
1284 2853 1337 2914 looi

220 2957 226 2970 '
262 2963 291 3016 et
321 2954 458 3035 temporis
486 2955 599 3034 punctis
626 2957 780 3036 pendeant.
835 2955 939 3017 Restat
972 2953 1062 3036 igitur
1096 2963 1127 3014 nt
1153 2974 1338 3035 quaeramus,

258 3065 353 3120 utrum
375 3057 450 3119 haee
470 3068 615 3136 momenta
635 3059 683 3121 vel
704 3059 787 3138 ipsae
808 3063 888 3136 res,'
906 3077 978 3144 ques
1002 3065 1104 3136 gestae
1124 3076 1190 3118 esse
1211 3057 1242 3119 in
1266 3059 1338 3122 lihro

256 3155 358 3218 nostro
377 3155 536 3220 m'emoriae
557 3167 601 3221 est
621 3158 782 3240 proditum,
812 3157 940 3220 habeant
966 3155 1129 3218 testimonia
1145 3157 1264 3244 aliunde
1286 3182 1339 3242 pe-

259 3257 313 3321 tita
333 3277 372 3321 an
392 3258 497 3323 minos.
548 3261 646 3342 Supra
664 3261 779 3342 quidem
808 3260 841 3322 iu
863 3257 1004 3321 historiae
1026 3267 1159 3322 naturam
1178 3269 1268 3341 atque
1291 3265 1340 3326 in-

259 3361 354 3425 dolem
373 3361 595 3444 inquisivimus,
618 3367 670 3427 sod
692 3362 746 3426 vix
767 3383 839 3444 opus
860 3373 905 3425 est
924 3381 1060 3442 monere,
1093 3363 1147 3424 ho'o
1167 3349 1257 3444 longe
1279 3365 1336 3428 alio

259 3464 374 3528 nomine
394 3485 464 3530 esse
482 3465 598 3531 fantum.
628 3465 694 3527 lliio
714 3461 789 3526 enim
812 3481 953 3545 personas
974 3462 1256 3544 historiaemustrae,
1279 3486 1331 3526 eo-

199 3648 203 3658 }
259 3587 325 3630 rum
347 3567 483 3648 ingenia,
505 3589 555 3631 res
577 3576 693 3653 gestas,
716 3576 745 3629 et
765 3567 825 3630 fata
847 3587 900 3647 per
919 3587 951 3630 se
973 3575 1001 3628 et
1015 3569 1248 3648 quemadmodum
1266 3564 1330 3648 ipse

258 3679 358 3732 noster
378 3671 496 3735 tihellus
519 3675 660 3750 traderet,
688 3668 882 3755 spectauimus
905 3678 932 3733 et
954 3668 1023 3730 inde
1045 3669 1174 3734 validum
1195 3667 1336 3752 prohabi-

259 3771 350 3836 litatis
379 3763 583 3856 argumentum
614 3773 726 3837 effluere
751 3757 850 3836 ¹oottati
880 3793 992 3839 sumus.
1040 3758 1106 3864 flio
1120 3793 1190 3836 vero
1213 3772 1340 3836 aliorum

259 3873 429 3955 soripmrum
451 3876 828 3959 quaeruntur-testimonia,
849 3875 956 3956 quihus
972 3895 1024 3953 ea,
1046 3895 1117 3958 quae
1138 3879 1172 3939 de
1184 3876 1341 3939 Ahasrero

169 4057 178 4068 ἱ
260 3984 289 4040 et
308 3976 432 4040 Esthera
452 3980 512 4044 sint
532 3982 654 4060 tradita,
676 3987 844 4060 repetuntur
865 3987 916 4041 aut
938 3979 1140 4062 aliquomodo
1164 3977 1341 4041 oontirman-

260 4079 317 4142 tur.
359 4072 460 4142 Facile
481 4082 592 4162 quidem
614 4081 799 4144 manifestum
821 4089 881 4159 est,
903 4079 929 4143 si
947 4082 1003 4144 hoo
1020 4081 1062 4143 ita
1082 4079 1227 4160 possimus
1251 4100 1340 4160 prae-

259 4186 354 4258 stare,
384 4187 415 4240 ut
442 4180 570 4244 instituto
593 4191 622 4245 et
647 4173 774 4262 mores,
790 4197 910 4261 qnorum
934 4181 1061 4262 vestigia
1078 4180 1121 4262 ‘in‘
1142 4180 1218 4242 libro
1240 4190 1339 4242 nostro

260 4282 524 4364 deprehendantur,
553 4305 594 4348 ex
614 4283 683 4348 ahie
702 4283 841 4347 Porsinae
869 4282 1050 4366 antiquitatis
1072 4281 1265 4372 monumentis
1286 4286 1340 4346 de-

147 4405 150 4410 ·
259 4393 422 4447 monstmre
444 4383 618 4474 eontigerit,
640 4383 893 4466 huioargumento
916 4393 1025 4448 tantem
1043 4383 1168 4448 futuram
1188 4380 1338 4463 esserim,

259 4489 290 4545 nt
311 4503 348 4547 ne
373 4485 621 4567 pertinacissimos
644 4469 766 4568 quidem
779 4484 967 4550 adversarius
994 4483 1148 4568 quidquam
1173 4480 1339 4566 possitne·
