<?xml version="1.0" encoding="UTF-8"?>
<!DOCTYPE html PUBLIC "-//W3C//DTD XHTML 1.0 Transitional//EN"
    "http://www.w3.org/TR/xhtml1/DTD/xhtml1-transitional.dtd">
<html xmlns="http://www.w3.org/1999/xhtml" xml:lang="en" lang="en">
 <head>
  <title>
</title>
<meta http-equiv="Content-Type" content="text/html;charset=utf-8" />
  <meta name='ocr-system' content='tesseract 3.04.00' />
  <meta name='ocr-capabilities' content='ocr_page ocr_carea ocr_par ocr_line ocrx_word'/>
</head>
<body>
  <div class='ocr_page' id='page_1' title='image "./defidelibriesth00baumgoog_0139.png"; bbox 0 0 2774 5014; ppageno 0'>
   <div class='ocr_carea' id='block_1_1' title="bbox 214 478 1320 895">
    <p class='ocr_par' dir='ltr' id='par_1_1' title="bbox 214 478 1320 839">
     <span class='ocr_line' id='line_1_1' title="bbox 685 478 1045 558; baseline 0 0"><span class='ocrx_word' id='word_1_1' title='bbox 685 515 687 525; x_wconf 93' lang='lat'>·</span> <span class='ocrx_word' id='word_1_2' title='bbox 738 478 820 558; x_wconf 75' lang='lat'><strong>150</strong></span> <span class='ocrx_word' id='word_1_3' title='bbox 976 489 987 496; x_wconf 78' lang='grc'><strong><em>’</em></strong></span> <span class='ocrx_word' id='word_1_4' title='bbox 1029 495 1045 557; x_wconf 67' lang='lat' dir='ltr'><em>f</em></span> 
     </span>
     <span class='ocr_line' id='line_1_2' title="bbox 243 647 1320 738; baseline 0.003 -23"><span class='ocrx_word' id='word_1_5' title='bbox 243 671 307 718; x_wconf 89' lang='lat' dir='ltr'><strong>rum</strong></span> <span class='ocrx_word' id='word_1_6' title='bbox 328 652 461 716; x_wconf 77' lang='lat' dir='ltr'><strong>Xerxem</strong></span> <span class='ocrx_word' id='word_1_7' title='bbox 487 669 555 716; x_wconf 83' lang='lat' dir='ltr'><strong>csse</strong></span> <span class='ocrx_word' id='word_1_8' title='bbox 580 649 771 728; x_wconf 77' lang='lat' dir='ltr'><strong>defenderunt</strong></span> <span class='ocrx_word' id='word_1_9' title='bbox 790 647 929 731; x_wconf 76' lang='lat' dir='ltr'><strong>lobbias,</strong></span> <span class='ocrx_word' id='word_1_10' title='bbox 953 647 1244 738; x_wconf 78' lang='lat' dir='ltr'><strong>Rasranuellerus,</strong></span> <span class='ocrx_word' id='word_1_11' title='bbox 1269 653 1320 718; x_wconf 86' lang='lat' dir='ltr'><strong>Gr·</strong></span> 
     </span>
     <span class='ocr_line' id='line_1_3' title="bbox 214 753 528 895; baseline -0.023 -73"><span class='ocrx_word' id='word_1_12' title='bbox 214 756 360 895; x_wconf 71' lang='lat' dir='ltr'><strong>,seirius¹</strong></span> <span class='ocrx_word' id='word_1_13' title='bbox 377 753 528 818; x_wconf 85' lang='lat' dir='ltr'><strong>Wbraruo.</strong></span> 
     </span>
    </p>
   </div>
   <div class='ocr_carea' id='block_1_2' title="bbox 119 895 1385 2856">
    <p class='ocr_par' dir='ltr' id='par_1_2' title="bbox 241 895 1316 1417">
     <span class='ocr_line' id='line_1_4' title="bbox 341 895 1316 1006; baseline 0.001 -20"><span class='ocrx_word' id='word_1_14' title='bbox 341 923 417 986; x_wconf 81' lang='lat' dir='ltr'><strong>Tria</strong></span> <span class='ocrx_word' id='word_1_15' title='bbox 438 930 535 986; x_wconf 89' lang='lat' dir='ltr'><strong>autem</strong></span> <span class='ocrx_word' id='word_1_16' title='bbox 552 929 622 985; x_wconf 84' lang='lat' dir='ltr'><strong>suut</strong></span> <span class='ocrx_word' id='word_1_17' title='bbox 643 895 789 984; x_wconf 83' lang='lat' dir='ltr'><strong>momcirta</strong></span> <span class='ocrx_word' id='word_1_18' title='bbox 809 912 975 1006; x_wconf 77' lang='lat' dir='ltr'><strong>praecipua,</strong></span> <span class='ocrx_word' id='word_1_19' title='bbox 998 941 1072 1002; x_wconf 87' lang='lat' dir='ltr'><strong>quae</strong></span> <span class='ocrx_word' id='word_1_20' title='bbox 1092 919 1126 982; x_wconf 91' lang='lat' dir='ltr'><strong>in</strong></span> <span class='ocrx_word' id='word_1_21' title='bbox 1146 921 1211 986; x_wconf 86' lang='lat' dir='ltr'><strong>bac</strong></span> <span class='ocrx_word' id='word_1_22' title='bbox 1235 942 1316 1005; x_wconf 84' lang='lat' dir='ltr'><strong>quar-</strong></span> 
     </span>
     <span class='ocr_line' id='line_1_5' title="bbox 241 1008 1316 1127; baseline 0 -36"><span class='ocrx_word' id='word_1_23' title='bbox 241 1008 336 1124; x_wconf 77' lang='lat' dir='ltr'><strong>slionc</strong></span> <span class='ocrx_word' id='word_1_24' title='bbox 355 1030 519 1108; x_wconf 86' lang='lat' dir='ltr'><strong>ponderare</strong></span> <span class='ocrx_word' id='word_1_25' title='bbox 539 1027 692 1127; x_wconf 79' lang='lat' dir='ltr'><strong>debemus,</strong></span> <span class='ocrx_word' id='word_1_26' title='bbox 714 1042 817 1085; x_wconf 90' lang='lat' dir='ltr'><strong>nomen</strong></span> <span class='ocrx_word' id='word_1_27' title='bbox 839 1022 1003 1102; x_wconf 84' lang='lat' dir='ltr'><strong>Abasveri‚</strong></span> <span class='ocrx_word' id='word_1_28' title='bbox 1033 1024 1095 1098; x_wconf 88' lang='lat' dir='ltr'><strong>eius</strong></span> <span class='ocrx_word' id='word_1_29' title='bbox 1117 1022 1316 1107; x_wconf 81' lang='lat' dir='ltr'><strong>iogcuiumrl</strong></span> 
     </span>
     <span class='ocr_line' id='line_1_6' title="bbox 241 1101 1307 1212; baseline -0.003 -19"><span class='ocrx_word' id='word_1_30' title='bbox 241 1129 315 1193; x_wconf 86' lang='lat' dir='ltr'><strong>ratio</strong></span> <span class='ocrx_word' id='word_1_31' title='bbox 337 1138 516 1212; x_wconf 87' lang='lat' dir='ltr'><strong>temporum,</strong></span> <span class='ocrx_word' id='word_1_32' title='bbox 542 1133 569 1202; x_wconf 82' lang='lat' dir='ltr'><strong>et</strong></span> <span class='ocrx_word' id='word_1_33' title='bbox 591 1101 627 1186; x_wconf 79' lang='lat' dir='ltr'><strong>rid</strong></span> <span class='ocrx_word' id='word_1_34' title='bbox 649 1126 724 1188; x_wconf 87' lang='lat' dir='ltr'><strong>baec</strong></span> <span class='ocrx_word' id='word_1_35' title='bbox 747 1124 802 1186; x_wconf 87' lang='lat' dir='ltr'><strong>tria</strong></span> <span class='ocrx_word' id='word_1_36' title='bbox 821 1123 918 1209; x_wconf 85' lang='lat' dir='ltr'><strong>capita</strong></span> <span class='ocrx_word' id='word_1_37' title='bbox 940 1117 1026 1186; x_wconf 83' lang='lat' dir='ltr'><strong>totam</strong></span> <span class='ocrx_word' id='word_1_38' title='bbox 1045 1126 1307 1190; x_wconf 74' lang='lat' dir='ltr'><strong>demonstrationes</strong></span> 
     </span>
     <span class='ocr_line' id='line_1_7' title="bbox 241 1225 1293 1322; baseline -0.001 -26"><span class='ocrx_word' id='word_1_39' title='bbox 241 1225 411 1322; x_wconf 81' lang='lat' dir='ltr'><strong>referamos.</strong></span> <span class='ocrx_word' id='word_1_40' title='bbox 453 1230 583 1292; x_wconf 87' lang='lat' dir='ltr'><strong>Primum</strong></span> <span class='ocrx_word' id='word_1_41' title='bbox 598 1248 653 1290; x_wconf 84' lang='lat' dir='ltr'><strong>uos</strong></span> <span class='ocrx_word' id='word_1_42' title='bbox 668 1237 868 1292; x_wconf 74' lang='lat' dir='ltr'><strong>convertamus</strong></span> <span class='ocrx_word' id='word_1_43' title='bbox 889 1230 1043 1291; x_wconf 86' lang='lat' dir='ltr'><strong>adnomen</strong></span> <span class='ocrx_word' id='word_1_44' title='bbox 1057 1228 1216 1296; x_wconf 80' lang='lat' dir='ltr'><strong>Abasreri.</strong></span> <span class='ocrx_word' id='word_1_45' title='bbox 1264 1233 1293 1296; x_wconf 77' lang='lat' dir='ltr'><strong>b</strong></span> 
     </span>
     <span class='ocr_line' id='line_1_8' title="bbox 241 1328 1303 1417; baseline -0.003 -17"><span class='ocrx_word' id='word_1_46' title='bbox 241 1337 289 1400; x_wconf 89' lang='lat' dir='ltr'><strong>ios</strong></span> <span class='ocrx_word' id='word_1_47' title='bbox 313 1333 492 1417; x_wconf 80' lang='lat' dir='ltr'><strong>quaestionis</strong></span> <span class='ocrx_word' id='word_1_48' title='bbox 522 1351 714 1414; x_wconf 82' lang='lat' dir='ltr'><strong>progressus,</strong></span> <span class='ocrx_word' id='word_1_49' title='bbox 743 1328 857 1416; x_wconf 76' lang='lat' dir='ltr'><strong>etiamsi</strong></span> <span class='ocrx_word' id='word_1_50' title='bbox 890 1333 926 1393; x_wconf 87' lang='lat' dir='ltr'><strong>ab</strong></span> <span class='ocrx_word' id='word_1_51' title='bbox 955 1331 1051 1411; x_wconf 89' lang='lat' dir='ltr'><strong>omni,</strong></span> <span class='ocrx_word' id='word_1_52' title='bbox 1081 1334 1154 1414; x_wconf 83' lang='lat' dir='ltr'><strong>quod</strong></span> <span class='ocrx_word' id='word_1_53' title='bbox 1183 1335 1225 1396; x_wconf 83' lang='lat' dir='ltr'><strong>ad</strong></span> <span class='ocrx_word' id='word_1_54' title='bbox 1242 1355 1303 1397; x_wconf 72' lang='lat' dir='ltr'><strong>rear</strong></span> 
     </span>
    </p>

    <p class='ocr_par' dir='ltr' id='par_1_3' title="bbox 136 1431 1383 1732">
     <span class='ocr_line' id='line_1_9' title="bbox 162 1431 1312 1512; baseline -0.004 -10"><span class='ocrx_word' id='word_1_55' title='bbox 162 1491 165 1502; x_wconf 94' lang='lat'><em>.</em></span> <span class='ocrx_word' id='word_1_56' title='bbox 242 1455 308 1502; x_wconf 87' lang='lat' dir='ltr'><strong>sam</strong></span> <span class='ocrx_word' id='word_1_57' title='bbox 324 1444 460 1498; x_wconf 82' lang='lat' dir='ltr'><strong>nostram</strong></span> <span class='ocrx_word' id='word_1_58' title='bbox 482 1434 590 1495; x_wconf 89' lang='lat' dir='ltr'><strong>babere</strong></span> <span class='ocrx_word' id='word_1_59' title='bbox 614 1433 723 1512; x_wconf 87' lang='lat' dir='ltr'><strong>possit,</strong></span> <span class='ocrx_word' id='word_1_60' title='bbox 755 1441 900 1504; x_wconf 78' lang='lat' dir='ltr'><strong>momento</strong></span> <span class='ocrx_word' id='word_1_61' title='bbox 928 1431 1101 1509; x_wconf 67' lang='lat' dir='ltr'><strong>recesseris,</strong></span> <span class='ocrx_word' id='word_1_62' title='bbox 1127 1433 1217 1497; x_wconf 80' lang='lat' dir='ltr'><strong>valde</strong></span> <span class='ocrx_word' id='word_1_63' title='bbox 1243 1437 1312 1498; x_wconf 86' lang='lat' dir='ltr'><strong>utilis</strong></span> 
     </span>
     <span class='ocr_line' id='line_1_10' title="bbox 136 1529 1383 1624; baseline -0.003 -20"><span class='ocrx_word' id='word_1_64' title='bbox 136 1542 139 1547; x_wconf 74' lang='grc'>’</span> <span class='ocrx_word' id='word_1_65' title='bbox 243 1549 288 1604; x_wconf 89' lang='lat' dir='ltr'><strong>est</strong></span> <span class='ocrx_word' id='word_1_66' title='bbox 311 1547 340 1602; x_wconf 83' lang='lat' dir='ltr'><strong>ei</strong></span> <span class='ocrx_word' id='word_1_67' title='bbox 361 1537 501 1603; x_wconf 89' lang='lat' dir='ltr'><strong>iucundus</strong></span> <span class='ocrx_word' id='word_1_68' title='bbox 532 1537 569 1598; x_wconf 88' lang='lat' dir='ltr'><strong>ad</strong></span> <span class='ocrx_word' id='word_1_69' title='bbox 592 1538 835 1616; x_wconf 78' lang='lat' dir='ltr'><strong>cognoscendum.</strong></span> <span class='ocrx_word' id='word_1_70' title='bbox 885 1535 968 1597; x_wconf 85' lang='lat' dir='ltr'><strong>Unde</strong></span> <span class='ocrx_word' id='word_1_71' title='bbox 995 1535 1072 1624; x_wconf 83' lang='lat' dir='ltr'><strong>euim</strong></span> <span class='ocrx_word' id='word_1_72' title='bbox 1101 1535 1162 1599; x_wconf 89' lang='lat' dir='ltr'><strong>iam</strong></span> <span class='ocrx_word' id='word_1_73' title='bbox 1184 1539 1315 1620; x_wconf 72' lang='lat' dir='ltr'><strong>Scaliger</strong></span> <span class='ocrx_word' id='word_1_74' title='bbox 1382 1529 1383 1608; x_wconf 78' lang='lat' dir='ltr'><strong>l</strong></span> 
     </span>
     <span class='ocr_line' id='line_1_11' title="bbox 242 1619 1383 1732; baseline -0.001 -27"><span class='ocrx_word' id='word_1_75' title='bbox 242 1642 388 1726; x_wconf 84' lang='lat' dir='ltr'><strong>proiectus</strong></span> <span class='ocrx_word' id='word_1_76' title='bbox 413 1651 476 1718; x_wconf 80' lang='lat' dir='ltr'><strong>est,¹</strong></span> <span class='ocrx_word' id='word_1_77' title='bbox 495 1659 537 1732; x_wconf 20' lang='lat' dir='ltr'><strong>*eo</strong></span> <span class='ocrx_word' id='word_1_78' title='bbox 555 1648 621 1718; x_wconf 90' lang='lat' dir='ltr'><strong>post</strong></span> <span class='ocrx_word' id='word_1_79' title='bbox 641 1641 697 1731; x_wconf 77' lang='lat' dir='ltr'><strong>boo</strong></span> <span class='ocrx_word' id='word_1_80' title='bbox 719 1639 838 1702; x_wconf 88' lang='lat' dir='ltr'><strong>saecula</strong></span> <span class='ocrx_word' id='word_1_81' title='bbox 857 1659 909 1720; x_wconf 87' lang='lat' dir='ltr'><strong>per</strong></span> <span class='ocrx_word' id='word_1_82' title='bbox 933 1641 1080 1720; x_wconf 79' lang='lat' dir='ltr'><strong>ambages·</strong></span> <span class='ocrx_word' id='word_1_83' title='bbox 1095 1661 1233 1704; x_wconf 78' lang='lat' dir='ltr'><strong>recessum</strong></span> <span class='ocrx_word' id='word_1_84' title='bbox 1253 1653 1308 1722; x_wconf 86' lang='lat' dir='ltr'><strong>est,</strong></span> <span class='ocrx_word' id='word_1_85' title='bbox 1378 1619 1383 1680; x_wconf 71' lang='lat' dir='ltr'><strong>l</strong></span> 
     </span>
    </p>

    <p class='ocr_par' dir='ltr' id='par_1_4' title="bbox 137 1734 1383 1924">
     <span class='ocr_line' id='line_1_12' title="bbox 137 1734 1315 1824; baseline -0.003 -15"><span class='ocrx_word' id='word_1_86' title='bbox 137 1779 139 1790; x_wconf 70' lang='lat'>‹</span> <span class='ocrx_word' id='word_1_87' title='bbox 244 1750 295 1810; x_wconf 89' lang='lat' dir='ltr'><strong>sed</strong></span> <span class='ocrx_word' id='word_1_88' title='bbox 319 1763 392 1824; x_wconf 90' lang='lat' dir='ltr'><strong>quac</strong></span> <span class='ocrx_word' id='word_1_89' title='bbox 414 1743 541 1824; x_wconf 85' lang='lat' dir='ltr'><strong>primurn</strong></span> <span class='ocrx_word' id='word_1_90' title='bbox 563 1734 677 1822; x_wconf 79' lang='lat' dir='ltr'><strong>ingenii</strong></span> <span class='ocrx_word' id='word_1_91' title='bbox 706 1740 788 1823; x_wconf 87' lang='lat' dir='ltr'><strong>quasi</strong></span> <span class='ocrx_word' id='word_1_92' title='bbox 810 1743 949 1822; x_wconf 81' lang='lat' dir='ltr'><strong>quaedam</strong></span> <span class='ocrx_word' id='word_1_93' title='bbox 974 1750 1036 1803; x_wconf 86' lang='lat' dir='ltr'><strong>erat</strong></span> <span class='ocrx_word' id='word_1_94' title='bbox 1058 1739 1212 1824; x_wconf 80' lang='lat' dir='ltr'><strong>diuinatio,</strong></span> <span class='ocrx_word' id='word_1_95' title='bbox 1233 1765 1315 1806; x_wconf 77' lang='lat' dir='ltr'><strong>nunc</strong></span> 
     </span>
     <span class='ocr_line' id='line_1_13' title="bbox 244 1819 1383 1924; baseline -0.002 -17"><span class='ocrx_word' id='word_1_96' title='bbox 244 1845 336 1908; x_wconf 87' lang='lat' dir='ltr'><strong>firmis</strong></span> <span class='ocrx_word' id='word_1_97' title='bbox 363 1853 391 1906; x_wconf 89' lang='lat' dir='ltr'><strong>et</strong></span> <span class='ocrx_word' id='word_1_98' title='bbox 413 1843 499 1907; x_wconf 88' lang='lat' dir='ltr'><strong>certis</strong></span> <span class='ocrx_word' id='word_1_99' title='bbox 519 1841 710 1904; x_wconf 84' lang='lat' dir='ltr'><strong>demonstrari</strong></span> <span class='ocrx_word' id='word_1_100' title='bbox 739 1836 832 1920; x_wconf 80' lang='lat' dir='ltr'><strong>polest</strong></span> <span class='ocrx_word' id='word_1_101' title='bbox 853 1839 1046 1920; x_wconf 73' lang='lat' dir='ltr'><strong>argumentis.</strong></span> <span class='ocrx_word' id='word_1_102' title='bbox 1089 1841 1205 1906; x_wconf 77' lang='lat' dir='ltr'><strong>Etenim</strong></span> <span class='ocrx_word' id='word_1_103' title='bbox 1225 1844 1318 1924; x_wconf 89' lang='lat' dir='ltr'><strong>posuit</strong></span> <span class='ocrx_word' id='word_1_104' title='bbox 1376 1819 1383 1893; x_wconf 82' lang='lat' dir='ltr'><strong>l</strong></span> 
     </span>
    </p>

    <p class='ocr_par' dir='ltr' id='par_1_5' title="bbox 121 1927 1320 2034">
     <span class='ocr_line' id='line_1_14' title="bbox 121 1927 1320 2034; baseline -0.003 -23"><span class='ocrx_word' id='word_1_105' title='bbox 121 1953 126 1967; x_wconf 69' lang='grc'><strong>“</strong></span> <span class='ocrx_word' id='word_1_106' title='bbox 245 1948 383 2028; x_wconf 83' lang='lat' dir='ltr'><strong>Scaliger</strong></span> <span class='ocrx_word' id='word_1_107' title='bbox 405 1946 602 2034; x_wconf 75' lang='lat' dir='ltr'><strong>Hebraeorum</strong></span> <span class='ocrx_word' id='word_1_108' title='bbox 626 1953 817 2021; x_wconf 61' lang='grc' dir='ltr'><strong>ωῃιωηκ</strong></span> <span class='ocrx_word' id='word_1_109' title='bbox 841 1941 918 2004; x_wconf 88' lang='lat' dir='ltr'><strong>idem</strong></span> <span class='ocrx_word' id='word_1_110' title='bbox 940 1927 1048 2022; x_wconf 75' lang='lat' dir='ltr'><strong>valere,</strong></span> <span class='ocrx_word' id='word_1_111' title='bbox 1069 1945 1144 2024; x_wconf 85' lang='lat' dir='ltr'><strong>quod</strong></span> <span class='ocrx_word' id='word_1_112' title='bbox 1158 1943 1320 2028; x_wconf 79' lang='lat' dir='ltr'><strong>cyaxares,</strong></span> 
     </span>
    </p>

    <p class='ocr_par' dir='ltr' id='par_1_6' title="bbox 150 2041 1384 2334">
     <span class='ocr_line' id='line_1_15' title="bbox 150 2041 1316 2131; baseline -0.005 -14"><span class='ocrx_word' id='word_1_113' title='bbox 150 2113 153 2125; x_wconf 87' lang='grc'>,</span> <span class='ocrx_word' id='word_1_114' title='bbox 244 2056 299 2117; x_wconf 91' lang='lat' dir='ltr'><strong>boc</strong></span> <span class='ocrx_word' id='word_1_115' title='bbox 317 2072 390 2115; x_wconf 82' lang='lat' dir='ltr'><strong>uero</strong></span> <span class='ocrx_word' id='word_1_116' title='bbox 405 2061 450 2113; x_wconf 83' lang='lat' dir='ltr'><strong>&#39;ex</strong></span> <span class='ocrx_word' id='word_1_117' title='bbox 471 2046 635 2131; x_wconf 87' lang='lat' dir='ltr'><strong>praeposita</strong></span> <span class='ocrx_word' id='word_1_118' title='bbox 657 2045 773 2126; x_wconf 83' lang='lat' dir='ltr'><strong>syllaba</strong></span> <span class='ocrx_word' id='word_1_119' title='bbox 794 2045 862 2124; x_wconf 89' lang='lat' dir='ltr'><strong>Ku,</strong></span> <span class='ocrx_word' id='word_1_120' title='bbox 893 2041 966 2126; x_wconf 79' lang='lat' dir='ltr'><strong>quac</strong></span> <span class='ocrx_word' id='word_1_121' title='bbox 996 2045 1141 2109; x_wconf 88' lang='lat' dir='ltr'><strong>dominum</strong></span> <span class='ocrx_word' id='word_1_122' title='bbox 1170 2047 1316 2130; x_wconf 85' lang='lat' dir='ltr'><strong>iudicaret,</strong></span> 
     </span>
     <span class='ocr_line' id='line_1_16' title="bbox 245 2133 1384 2230; baseline -0.004 -12"><span class='ocrx_word' id='word_1_123' title='bbox 245 2163 274 2218; x_wconf 89' lang='lat' dir='ltr'><strong>e&#39;t</strong></span> <span class='ocrx_word' id='word_1_124' title='bbox 295 2155 412 2218; x_wconf 81' lang='lat' dir='ltr'><strong>Araxes</strong></span> <span class='ocrx_word' id='word_1_125' title='bbox 432 2133 526 2214; x_wconf 84' lang='lat' dir='ltr'><strong>ortium</strong></span> <span class='ocrx_word' id='word_1_126' title='bbox 549 2170 635 2228; x_wconf 86' lang='lat' dir='ltr'><strong>esse,</strong></span> <span class='ocrx_word' id='word_1_127' title='bbox 658 2149 775 2210; x_wconf 78' lang='lat' dir='ltr'><strong>Araxes</strong></span> <span class='ocrx_word' id='word_1_128' title='bbox 797 2147 919 2230; x_wconf 80' lang='lat' dir='ltr'><strong>denique</strong></span> <span class='ocrx_word' id='word_1_129' title='bbox 948 2171 1003 2210; x_wconf 90' lang='lat' dir='ltr'><strong>oon</strong></span> <span class='ocrx_word' id='word_1_130' title='bbox 1022 2150 1144 2214; x_wconf 81' lang='lat' dir='ltr'><strong>differre</strong></span> <span class='ocrx_word' id='word_1_131' title='bbox 1166 2171 1184 2213; x_wconf 87' lang='lat' dir='ltr'><strong>a</strong></span> <span class='ocrx_word' id='word_1_132' title='bbox 1205 2154 1315 2214; x_wconf 85' lang='lat' dir='ltr'><strong>nomine</strong></span> <span class='ocrx_word' id='word_1_133' title='bbox 1380 2144 1384 2221; x_wconf 78' lang='lat' dir='ltr'><strong>l</strong></span> 
     </span>
     <span class='ocr_line' id='line_1_17' title="bbox 246 2244 1380 2334; baseline -0.003 -13"><span class='ocrx_word' id='word_1_134' title='bbox 246 2259 371 2322; x_wconf 84' lang='lat' dir='ltr'><strong>Xerxis.</strong></span> <span class='ocrx_word' id='word_1_135' title='bbox 413 2255 613 2318; x_wconf 85' lang='lat' dir='ltr'><strong>Probarerunt</strong></span> <span class='ocrx_word' id='word_1_136' title='bbox 634 2254 712 2314; x_wconf 89' lang='lat' dir='ltr'><strong>banc</strong></span> <span class='ocrx_word' id='word_1_137' title='bbox 734 2251 898 2332; x_wconf 85' lang='lat' dir='ltr'><strong>opinionem</strong></span> <span class='ocrx_word' id='word_1_138' title='bbox 918 2253 1056 2334; x_wconf 79' lang='lat' dir='ltr'><strong>Vitringa</strong></span> <span class='ocrx_word' id='word_1_139' title='bbox 1075 2253 1312 2321; x_wconf 83' lang='lat' dir='ltr'><strong>Obss..Sacc.ll</strong></span> <span class='ocrx_word' id='word_1_140' title='bbox 1379 2244 1380 2253; x_wconf 10' lang='grc' dir='ltr'>ἵ</span> 
     </span>
    </p>

    <p class='ocr_par' dir='ltr' id='par_1_7' title="bbox 247 2339 1306 2443">
     <span class='ocr_line' id='line_1_18' title="bbox 247 2339 1306 2443; baseline -0.006 -22"><span class='ocrx_word' id='word_1_141' title='bbox 247 2384 277 2443; x_wconf 78' lang='lat' dir='ltr'><strong>p.</strong></span> <span class='ocrx_word' id='word_1_142' title='bbox 298 2361 393 2440; x_wconf 81' lang='lat'><strong>273&#39;.,</strong></span> <span class='ocrx_word' id='word_1_143' title='bbox 423 2357 561 2421; x_wconf 88' lang='lat' dir='ltr'><strong>Raiuoldi</strong></span> <span class='ocrx_word' id='word_1_144' title='bbox 589 2353 721 2418; x_wconf 84' lang='lat' dir='ltr'><strong>Censura</strong></span> <span class='ocrx_word' id='word_1_145' title='bbox 750 2354 822 2434; x_wconf 81' lang='lat' dir='ltr'><strong>bibl.</strong></span> <span class='ocrx_word' id='word_1_146' title='bbox 846 2376 944 2436; x_wconf 88' lang='lat' dir='ltr'><strong>apocr.</strong></span> <span class='ocrx_word' id='word_1_147' title='bbox 966 2351 1005 2423; x_wconf 80' lang='lat'><em>11&#39;.</em></span> <span class='ocrx_word' id='word_1_148' title='bbox 1033 2379 1062 2437; x_wconf 92' lang='lat' dir='ltr'><strong>p.</strong></span> <span class='ocrx_word' id='word_1_149' title='bbox 1076 2339 1174 2435; x_wconf 81' lang='grc' dir='ltr'><strong>Ι231.,</strong></span> <span class='ocrx_word' id='word_1_150' title='bbox 1206 2359 1306 2424; x_wconf 76' lang='lat' dir='ltr'><strong>Grotius</strong></span> 
     </span>
    </p>

    <p class='ocr_par' dir='ltr' id='par_1_8' title="bbox 248 2454 1310 2534">
     <span class='ocr_line' id='line_1_19' title="bbox 248 2454 1310 2534; baseline -0.002 -8"><span class='ocrx_word' id='word_1_151' title='bbox 248 2465 279 2526; x_wconf 87' lang='lat' dir='ltr'><strong>iu</strong></span> <span class='ocrx_word' id='word_1_152' title='bbox 301 2463 384 2530; x_wconf 82' lang='lat' dir='ltr'><strong>Com.</strong></span> <span class='ocrx_word' id='word_1_153' title='bbox 426 2454 569 2524; x_wconf 81' lang='lat' dir='ltr'><strong>Pluribus</strong></span> <span class='ocrx_word' id='word_1_154' title='bbox 588 2468 684 2522; x_wconf 82' lang='lat' dir='ltr'><strong>autem</strong></span> <span class='ocrx_word' id='word_1_155' title='bbox 708 2457 815 2533; x_wconf 85' lang='lat' dir='ltr'><strong>criticis</strong></span> <span class='ocrx_word' id='word_1_156' title='bbox 842 2460 896 2521; x_wconf 92' lang='lat' dir='ltr'><strong>boc</strong></span> <span class='ocrx_word' id='word_1_157' title='bbox 919 2459 1006 2521; x_wconf 86' lang='lat' dir='ltr'><strong>nimis</strong></span> <span class='ocrx_word' id='word_1_158' title='bbox 1028 2462 1127 2522; x_wconf 86' lang='lat' dir='ltr'><strong>audax</strong></span> <span class='ocrx_word' id='word_1_159' title='bbox 1147 2461 1245 2526; x_wconf 91' lang='lat' dir='ltr'><strong>risum</strong></span> <span class='ocrx_word' id='word_1_160' title='bbox 1267 2473 1310 2534; x_wconf 66' lang='lat' dir='ltr'><strong>ests</strong></span> 
     </span>
    </p>

    <p class='ocr_par' dir='ltr' id='par_1_9' title="bbox 248 2545 1316 2646">
     <span class='ocr_line' id='line_1_20' title="bbox 248 2545 1316 2646; baseline 0.001 -20"><span class='ocrx_word' id='word_1_161' title='bbox 248 2565 346 2646; x_wconf 86' lang='lat' dir='ltr'><strong>itaque</strong></span> <span class='ocrx_word' id='word_1_162' title='bbox 382 2562 442 2626; x_wconf 89' lang='lat' dir='ltr'><strong>alia</strong></span> <span class='ocrx_word' id='word_1_163' title='bbox 474 2559 640 2642; x_wconf 73' lang='lat' dir='ltr'><strong>excogitata</strong></span> <span class='ocrx_word' id='word_1_164' title='bbox 671 2567 715 2621; x_wconf 89' lang='lat' dir='ltr'><strong>cst</strong></span> <span class='ocrx_word' id='word_1_165' title='bbox 749 2548 846 2640; x_wconf 86' lang='lat' dir='ltr'><strong>opinio</strong></span> <span class='ocrx_word' id='word_1_166' title='bbox 875 2560 982 2622; x_wconf 87' lang='lat' dir='ltr'><strong>doctior</strong></span> <span class='ocrx_word' id='word_1_167' title='bbox 1011 2545 1124 2642; x_wconf 87' lang='lat' dir='ltr'><strong>quidem</strong></span> <span class='ocrx_word' id='word_1_168' title='bbox 1152 2570 1181 2638; x_wconf 80' lang='lat' dir='ltr'><strong>et</strong></span> <span class='ocrx_word' id='word_1_169' title='bbox 1209 2566 1316 2646; x_wconf 84' lang='lat' dir='ltr'><strong>specio-</strong></span> 
     </span>
    </p>

    <p class='ocr_par' dir='ltr' id='par_1_10' title="bbox 119 2659 1385 2856">
     <span class='ocr_line' id='line_1_21' title="bbox 119 2659 1318 2744; baseline -0.001 -14"><span class='ocrx_word' id='word_1_170' title='bbox 119 2697 133 2728; x_wconf 82' lang='lat'><strong>·.</strong></span> <span class='ocrx_word' id='word_1_171' title='bbox 249 2668 310 2730; x_wconf 88' lang='lat' dir='ltr'><strong>sior</strong></span> <span class='ocrx_word' id='word_1_172' title='bbox 330 2669 368 2730; x_wconf 87' lang='lat' dir='ltr'><strong>ad</strong></span> <span class='ocrx_word' id='word_1_173' title='bbox 392 2659 496 2728; x_wconf 79' lang='lat' dir='ltr'><strong>nomeu</strong></span> <span class='ocrx_word' id='word_1_174' title='bbox 523 2665 676 2744; x_wconf 83' lang='lat' dir='ltr'><strong>obscurum</strong></span> <span class='ocrx_word' id='word_1_175' title='bbox 707 2661 921 2726; x_wconf 82' lang='lat' dir='ltr'><strong>illustrandum.</strong></span> <span class='ocrx_word' id='word_1_176' title='bbox 965 2663 1000 2726; x_wconf 90' lang='lat' dir='ltr'><strong>Si</strong></span> <span class='ocrx_word' id='word_1_177' title='bbox 1027 2665 1103 2726; x_wconf 87' lang='lat' dir='ltr'><strong>euim</strong></span> <span class='ocrx_word' id='word_1_178' title='bbox 1125 2665 1318 2731; x_wconf 83' lang='lat' dir='ltr'><strong>consideratur</strong></span> 
     </span>
     <span class='ocr_line' id='line_1_22' title="bbox 249 2763 1385 2856; baseline 0.002 -26"><span class='ocrx_word' id='word_1_179' title='bbox 249 2780 434 2856; x_wconf 61' lang='grc' dir='ltr'><strong>Ψῃιωῃκ</strong></span> <span class='ocrx_word' id='word_1_180' title='bbox 456 2787 560 2830; x_wconf 90' lang='lat' dir='ltr'><strong>nomen</strong></span> <span class='ocrx_word' id='word_1_181' title='bbox 590 2785 656 2828; x_wconf 86' lang='lat' dir='ltr'><strong>esse</strong></span> <span class='ocrx_word' id='word_1_182' title='bbox 676 2763 762 2846; x_wconf 82' lang='lat' dir='ltr'><strong>regis</strong></span> <span class='ocrx_word' id='word_1_183' title='bbox 778 2763 891 2828; x_wconf 84' lang='lat' dir='ltr'><strong>Persici</strong></span> <span class='ocrx_word' id='word_1_184' title='bbox 914 2763 986 2840; x_wconf 87' lang='lat' dir='ltr'><strong>nibil</strong></span> <span class='ocrx_word' id='word_1_185' title='bbox 1007 2765 1069 2830; x_wconf 84' lang='lat' dir='ltr'><strong>fere</strong></span> <span class='ocrx_word' id='word_1_186' title='bbox 1091 2767 1179 2832; x_wconf 83' lang='lat' dir='ltr'><strong>tutius</strong></span> <span class='ocrx_word' id='word_1_187' title='bbox 1200 2771 1318 2848; x_wconf 86' lang='lat' dir='ltr'><strong>ridetur,</strong></span> <span class='ocrx_word' id='word_1_188' title='bbox 1384 2766 1385 2771; x_wconf 68' lang='grc'>’</span> 
     </span>
    </p>
   </div>
   <div class='ocr_carea' id='block_1_3' title="bbox 170 2904 1385 3952">
    <p class='ocr_par' dir='ltr' id='par_1_11' title="bbox 247 2904 1385 3332">
     <span class='ocr_line' id='line_1_23' title="bbox 252 2904 1385 3041; baseline 0.003 -39"><span class='ocrx_word' id='word_1_189' title='bbox 252 2929 338 3023; x_wconf 81' lang='lat' dir='ltr'><strong>quam</strong></span> <span class='ocrx_word' id='word_1_190' title='bbox 361 2941 433 3001; x_wconf 88' lang='lat' dir='ltr'><strong>duas</strong></span> <span class='ocrx_word' id='word_1_191' title='bbox 465 2939 578 3020; x_wconf 83' lang='lat' dir='ltr'><strong>priores</strong></span> <span class='ocrx_word' id='word_1_192' title='bbox 600 2936 733 3041; x_wconf 82' lang='lat' dir='ltr'><strong>syllabas</strong></span> <span class='ocrx_word' id='word_1_193' title='bbox 752 2957 818 3000; x_wconf 93' lang='lat' dir='ltr'><strong>cum</strong></span> <span class='ocrx_word' id='word_1_194' title='bbox 839 2937 1001 3002; x_wconf 87' lang='lat' dir='ltr'><strong>Persarum</strong></span> <span class='ocrx_word' id='word_1_195' title='bbox 1017 2959 1090 3016; x_wconf 78' lang='lat' dir='ltr'><strong>uoce</strong></span> <span class='ocrx_word' id='word_1_196' title='bbox 1109 2904 1222 3022; x_wconf 44' lang='lat' dir='ltr'><strong>(jabi,</strong></span> <span class='ocrx_word' id='word_1_197' title='bbox 1253 2945 1319 3025; x_wconf 81' lang='lat' dir='ltr'><strong>quob</strong></span> <span class='ocrx_word' id='word_1_198' title='bbox 1379 2943 1385 3032; x_wconf 53' lang='grc' dir='ltr'>ᾖ</span> 
     </span>
     <span class='ocr_line' id='line_1_24' title="bbox 247 3041 1322 3131; baseline 0.003 -26"><span class='ocrx_word' id='word_1_199' title='bbox 247 3042 452 3126; x_wconf 84' lang='lat' dir='ltr'><strong>pratiihabeat</strong></span> <span class='ocrx_word' id='word_1_200' title='bbox 467 3043 622 3119; x_wconf 85' lang='lat' dir='ltr'><strong>notionem,</strong></span> <span class='ocrx_word' id='word_1_201' title='bbox 637 3062 825 3131; x_wconf 87' lang='lat' dir='ltr'><strong>componere.</strong></span> <span class='ocrx_word' id='word_1_202' title='bbox 848 3041 949 3104; x_wconf 87' lang='lat' dir='ltr'><strong>Haec</strong></span> <span class='ocrx_word' id='word_1_203' title='bbox 972 3042 1128 3124; x_wconf 69' lang='lat' dir='ltr'><strong>explicatio</strong></span> <span class='ocrx_word' id='word_1_204' title='bbox 1143 3045 1216 3107; x_wconf 87' lang='lat' dir='ltr'><strong>benc</strong></span> <span class='ocrx_word' id='word_1_205' title='bbox 1238 3048 1322 3108; x_wconf 88' lang='lat' dir='ltr'><strong>ctiam</strong></span> 
     </span>
     <span class='ocr_line' id='line_1_25' title="bbox 252 3124 1321 3224; baseline 0.002 -16"><span class='ocrx_word' id='word_1_206' title='bbox 252 3151 316 3208; x_wconf 85' lang='lat' dir='ltr'><strong>crim</strong></span> <span class='ocrx_word' id='word_1_207' title='bbox 339 3165 373 3206; x_wconf 91' lang='lat' dir='ltr'><strong>co</strong></span> <span class='ocrx_word' id='word_1_208' title='bbox 382 3146 485 3224; x_wconf 83' lang='lat' dir='ltr'><strong>‚quod</strong></span> <span class='ocrx_word' id='word_1_209' title='bbox 507 3131 595 3206; x_wconf 79' lang='lat' dir='ltr'><strong>tradit</strong></span> <span class='ocrx_word' id='word_1_210' title='bbox 613 3124 776 3207; x_wconf 81' lang='lat' dir='ltr'><strong>Herodotus</strong></span> <span class='ocrx_word' id='word_1_211' title='bbox 799 3144 1102 3224; x_wconf 70' lang='lat' dir='ltr'><strong>eunomioexerxis,</strong></span> <span class='ocrx_word' id='word_1_212' title='bbox 1122 3145 1233 3212; x_wconf 87' lang='lat' dir='ltr'><strong>videtur·</strong></span> <span class='ocrx_word' id='word_1_213' title='bbox 1254 3165 1321 3210; x_wconf 84' lang='lat' dir='ltr'><strong>con·</strong></span> 
     </span>
     <span class='ocr_line' id='line_1_26' title="bbox 252 3231 1323 3336; baseline 0 -25"><span class='ocrx_word' id='word_1_214' title='bbox 252 3269 367 3331; x_wconf 74' lang='lat' dir='ltr'><strong>gruere,</strong></span> <span class='ocrx_word' id='word_1_215' title='bbox 391 3250 476 3336; x_wconf 79' lang='lat' dir='ltr'><strong>docet</strong></span> <span class='ocrx_word' id='word_1_216' title='bbox 495 3249 571 3308; x_wconf 91' lang='lat' dir='ltr'><strong>enim</strong></span> <span class='ocrx_word' id='word_1_217' title='bbox 593 3245 645 3314; x_wconf 90' lang='lat' dir='ltr'><strong>ille</strong></span> <span class='ocrx_word' id='word_1_218' title='bbox 663 3247 774 3311; x_wconf 86' lang='lat' dir='ltr'><strong>Xerxis</strong></span> <span class='ocrx_word' id='word_1_219' title='bbox 796 3268 897 3311; x_wconf 86' lang='lat' dir='ltr'><strong>uocem</strong></span> <span class='ocrx_word' id='word_1_220' title='bbox 918 3249 994 3310; x_wconf 86' lang='lat' dir='ltr'><strong>idem</strong></span> <span class='ocrx_word' id='word_1_221' title='bbox 1015 3231 1123 3330; x_wconf 80' lang='lat' dir='ltr'><strong>ualere,</strong></span> <span class='ocrx_word' id='word_1_222' title='bbox 1144 3253 1217 3332; x_wconf 81' lang='lat' dir='ltr'><strong>quorl</strong></span> <span class='ocrx_word' id='word_1_223' title='bbox 1230 3251 1323 3312; x_wconf 83' lang='lat' dir='ltr'><strong>Grae·</strong></span> 
     </span>
    </p>

    <p class='ocr_par' dir='ltr' id='par_1_12' title="bbox 209 3339 1384 3634">
     <span class='ocr_line' id='line_1_27' title="bbox 253 3339 1384 3437; baseline -0.003 -23"><span class='ocrx_word' id='word_1_224' title='bbox 253 3372 350 3414; x_wconf 89' lang='lat' dir='ltr'><strong>corum</strong></span> <span class='ocrx_word' id='word_1_225' title='bbox 374 3339 494 3437; x_wconf 81' lang='grc' dir='ltr'><em>ἆρήΐος</em></span> <span class='ocrx_word' id='word_1_226' title='bbox 521 3349 576 3434; x_wconf 85' lang='grc'><strong>(6,</strong></span> <span class='ocrx_word' id='word_1_227' title='bbox 595 3351 679 3432; x_wconf 86' lang='grc'><strong>98..)</strong></span> <span class='ocrx_word' id='word_1_228' title='bbox 735 3351 770 3412; x_wconf 88' lang='lat' dir='ltr'><strong>ln</strong></span> <span class='ocrx_word' id='word_1_229' title='bbox 796 3351 871 3413; x_wconf 89' lang='lat' dir='ltr'><strong>banc</strong></span> <span class='ocrx_word' id='word_1_230' title='bbox 900 3349 1069 3430; x_wconf 85' lang='lat' dir='ltr'><strong>explicandi</strong></span> <span class='ocrx_word' id='word_1_231' title='bbox 1097 3353 1235 3414; x_wconf 86' lang='lat' dir='ltr'><strong>rationem</strong></span> <span class='ocrx_word' id='word_1_232' title='bbox 1261 3353 1318 3412; x_wconf 84' lang='lat' dir='ltr'><strong>ism</strong></span> <span class='ocrx_word' id='word_1_233' title='bbox 1382 3355 1384 3386; x_wconf 67' lang='lat' dir='ltr'><strong>r</strong></span> 
     </span>
     <span class='ocr_line' id='line_1_28' title="bbox 253 3449 1311 3535; baseline -0.004 -20"><span class='ocrx_word' id='word_1_234' title='bbox 253 3451 355 3516; x_wconf 77' lang='lat' dir='ltr'><strong>incidit</strong></span> <span class='ocrx_word' id='word_1_235' title='bbox 375 3449 502 3512; x_wconf 88' lang='lat' dir='ltr'><strong>Drusius</strong></span> <span class='ocrx_word' id='word_1_236' title='bbox 514 3449 615 3532; x_wconf 82' lang='lat' dir='ltr'><strong>(Auo.</strong></span> <span class='ocrx_word' id='word_1_237' title='bbox 637 3469 666 3530; x_wconf 89' lang='lat' dir='ltr'><strong>p.</strong></span> <span class='ocrx_word' id='word_1_238' title='bbox 689 3449 770 3532; x_wconf 81' lang='lat'><strong>48.).</strong></span> <span class='ocrx_word' id='word_1_239' title='bbox 812 3449 913 3534; x_wconf 84' lang='lat' dir='ltr'><strong>Neque</strong></span> <span class='ocrx_word' id='word_1_240' title='bbox 939 3452 1124 3529; x_wconf 70' lang='lat' dir='ltr'><strong>mirumst,</strong></span> <span class='ocrx_word' id='word_1_241' title='bbox 1153 3456 1223 3535; x_wconf 83' lang='lat' dir='ltr'><strong>quorl</strong></span> <span class='ocrx_word' id='word_1_242' title='bbox 1242 3453 1311 3514; x_wconf 81' lang='lat' dir='ltr'><strong>brec</strong></span> 
     </span>
     <span class='ocr_line' id='line_1_29' title="bbox 209 3539 1309 3634; baseline -0.005 -20"><span class='ocrx_word' id='word_1_243' title='bbox 209 3605 215 3624; x_wconf 65' lang='grc'>,</span> <span class='ocrx_word' id='word_1_244' title='bbox 253 3552 350 3634; x_wconf 89' lang='lat' dir='ltr'><strong>opinio</strong></span> <span class='ocrx_word' id='word_1_245' title='bbox 372 3552 478 3614; x_wconf 90' lang='lat' dir='ltr'><strong>multos</strong></span> <span class='ocrx_word' id='word_1_246' title='bbox 503 3545 589 3612; x_wconf 86' lang='lat' dir='ltr'><strong>nacta</strong></span> <span class='ocrx_word' id='word_1_247' title='bbox 610 3558 656 3612; x_wconf 88' lang='lat' dir='ltr'><strong>est</strong></span> <span class='ocrx_word' id='word_1_248' title='bbox 677 3559 845 3632; x_wconf 81' lang='lat' dir='ltr'><strong>patronos.&#39;</strong></span> <span class='ocrx_word' id='word_1_249' title='bbox 869 3549 1012 3614; x_wconf 82' lang='lat' dir='ltr'><strong>Gesenius</strong></span> <span class='ocrx_word' id='word_1_250' title='bbox 1026 3539 1195 3634; x_wconf 67' lang='lat' dir='ltr'><strong>quamquain</strong></span> <span class='ocrx_word' id='word_1_251' title='bbox 1212 3549 1309 3610; x_wconf 87' lang='lat' dir='ltr'><strong>iubu-</strong></span> 
     </span>
    </p>

    <p class='ocr_par' dir='ltr' id='par_1_13' title="bbox 170 3649 1385 3952">
     <span class='ocr_line' id='line_1_30' title="bbox 170 3649 1385 3736; baseline -0.007 -18"><span class='ocrx_word' id='word_1_252' title='bbox 170 3725 175 3730; x_wconf 71' lang='lat'><em>,</em></span> <span class='ocrx_word' id='word_1_253' title='bbox 253 3655 301 3718; x_wconf 88' lang='lat' dir='ltr'><strong>ius</strong></span> <span class='ocrx_word' id='word_1_254' title='bbox 322 3653 448 3716; x_wconf 86' lang='lat' dir='ltr'><strong>nominis</strong></span> <span class='ocrx_word' id='word_1_255' title='bbox 469 3653 500 3716; x_wconf 83' lang='lat' dir='ltr'><strong>ri</strong></span> <span class='ocrx_word' id='word_1_256' title='bbox 521 3662 549 3716; x_wconf 85' lang='lat' dir='ltr'><strong>ct</strong></span> <span class='ocrx_word' id='word_1_257' title='bbox 564 3650 784 3736; x_wconf 78' lang='lat' dir='ltr'><strong>significatione</strong></span> <span class='ocrx_word' id='word_1_258' title='bbox 797 3655 969 3734; x_wconf 85' lang='lat' dir='ltr'><strong>exponenda</strong></span> <span class='ocrx_word' id='word_1_259' title='bbox 985 3655 1137 3721; x_wconf 20' lang='lat' dir='ltr'><strong>almfo&#39;rlam</strong></span> <span class='ocrx_word' id='word_1_260' title='bbox 1156 3659 1234 3718; x_wconf 87' lang='lat' dir='ltr'><strong>caute</strong></span> <span class='ocrx_word' id='word_1_261' title='bbox 1253 3669 1319 3732; x_wconf 90' lang='lat' dir='ltr'><strong>pro-</strong></span> <span class='ocrx_word' id='word_1_262' title='bbox 1345 3671 1346 3676; x_wconf 49' lang='lat'><em>*</em></span> <span class='ocrx_word' id='word_1_263' title='bbox 1384 3649 1385 3660; x_wconf 56' lang='lat'>¹</span> 
     </span>
     <span class='ocr_line' id='line_1_31' title="bbox 256 3751 1323 3844; baseline -0.007 -23"><span class='ocrx_word' id='word_1_264' title='bbox 256 3757 359 3836; x_wconf 87' lang='lat' dir='ltr'><strong>cessit,</strong></span> <span class='ocrx_word' id='word_1_265' title='bbox 379 3758 414 3818; x_wconf 91' lang='lat' dir='ltr'><strong>de</strong></span> <span class='ocrx_word' id='word_1_266' title='bbox 436 3755 490 3818; x_wconf 87' lang='lat' dir='ltr'><strong>illa</strong></span> <span class='ocrx_word' id='word_1_267' title='bbox 511 3755 608 3844; x_wconf 72' lang='lat' dir='ltr'><strong>tam&#39;pn</strong></span> <span class='ocrx_word' id='word_1_268' title='bbox 629 3751 839 3838; x_wconf 86' lang='lat' dir='ltr'><strong>comparatione</strong></span> <span class='ocrx_word' id='word_1_269' title='bbox 861 3766 918 3820; x_wconf 92' lang='lat' dir='ltr'><strong>tam</strong></span> <span class='ocrx_word' id='word_1_270' title='bbox 940 3765 1036 3834; x_wconf 88' lang='lat' dir='ltr'><strong>certus</strong></span> <span class='ocrx_word' id='word_1_271' title='bbox 1057 3757 1129 3839; x_wconf 87' lang='lat' dir='ltr'><strong>luit,</strong></span> <span class='ocrx_word' id='word_1_272' title='bbox 1156 3766 1186 3819; x_wconf 81' lang='lat' dir='ltr'><strong>ut</strong></span> <span class='ocrx_word' id='word_1_273' title='bbox 1205 3755 1323 3819; x_wconf 80' lang='lat' dir='ltr'><strong>diecret:</strong></span> 
     </span>
     <span class='ocr_line' id='line_1_32' title="bbox 183 3855 1328 3952; baseline -0.001 -28"><span class='ocrx_word' id='word_1_274' title='bbox 183 3935 188 3942; x_wconf 37' lang='grc'><strong>,</strong></span> <span class='ocrx_word' id='word_1_275' title='bbox 254 3857 464 3929; x_wconf 76' lang='grc' dir='ltr'><strong>ιιιΖὶῙιοιιιιιιιιιι</strong></span> <span class='ocrx_word' id='word_1_276' title='bbox 483 3859 591 3925; x_wconf 75' lang='lat' dir='ltr'><strong>sicher</strong></span> <span class='ocrx_word' id='word_1_277' title='bbox 613 3865 658 3922; x_wconf 83' lang='lat' dir='ltr'><strong>ist</strong></span> <span class='ocrx_word' id='word_1_278' title='bbox 677 3859 733 3922; x_wconf 76' lang='lat' dir='ltr'><strong>die</strong></span> <span class='ocrx_word' id='word_1_279' title='bbox 752 3871 837 3923; x_wconf 78' lang='lat' dir='ltr'><strong>erote</strong></span> <span class='ocrx_word' id='word_1_280' title='bbox 857 3855 981 3946; x_wconf 78' lang='lat' dir='ltr'><strong>Hr&#39;r&#39;lfte</strong></span> <span class='ocrx_word' id='word_1_281' title='bbox 1002 3861 1058 3952; x_wconf 64' lang='lat' dir='ltr'><strong>dab</strong></span> <span class='ocrx_word' id='word_1_282' title='bbox 1083 3855 1328 3940; x_wconf 65' lang='lat' dir='ltr'><strong>Wortes&#39;fflnbt</strong></span> 
     </span>
    </p>
   </div>
   <div class='ocr_carea' id='block_1_4' title="bbox 120 3995 1385 4531">
    <p class='ocr_par' dir='ltr' id='par_1_14' title="bbox 120 3995 1385 4531">
     <span class='ocr_line' id='line_1_33' title="bbox 256 3995 1385 4120; baseline -0.013 -13"><span class='ocrx_word' id='word_1_283' title='bbox 256 4053 303 4088; x_wconf 84' lang='grc'><em>··-·“·</em></span> <span class='ocrx_word' id='word_1_284' title='bbox 323 3995 551 4115; x_wconf 40' lang='lat' dir='ltr'><strong>ahiman.</strong></span> <span class='ocrx_word' id='word_1_285' title='bbox 569 4033 700 4119; x_wconf 72' lang='lat' dir='ltr'><strong>Eouyol.</strong></span> <span class='ocrx_word' id='word_1_286' title='bbox 720 4053 747 4098; x_wconf 84' lang='lat' dir='ltr'><strong>s.</strong></span> <span class='ocrx_word' id='word_1_287' title='bbox 766 4055 796 4100; x_wconf 85' lang='lat' dir='ltr'><strong>u.</strong></span> <span class='ocrx_word' id='word_1_288' title='bbox 812 4031 1011 4120; x_wconf 82' lang='lat' dir='ltr'><strong>Abasrerus).</strong></span> <span class='ocrx_word' id='word_1_289' title='bbox 1052 4034 1191 4098; x_wconf 79' lang='lat' dir='ltr'><strong>Attamen</strong></span> <span class='ocrx_word' id='word_1_290' title='bbox 1208 4043 1240 4094; x_wconf 86' lang='lat' dir='ltr'><strong>ut</strong></span> <span class='ocrx_word' id='word_1_291' title='bbox 1259 4033 1330 4095; x_wconf 85' lang='lat' dir='ltr'><strong>baec</strong></span> <span class='ocrx_word' id='word_1_292' title='bbox 1382 4093 1385 4117; x_wconf 18' lang='grc' dir='ltr'><em>ὃ</em></span> 
     </span>
     <span class='ocr_line' id='line_1_34' title="bbox 120 4128 1329 4221; baseline -0.003 -26"><span class='ocrx_word' id='word_1_293' title='bbox 120 4153 127 4162; x_wconf 66' lang='grc'><strong>’</strong></span> <span class='ocrx_word' id='word_1_294' title='bbox 256 4128 365 4212; x_wconf 84' lang='lat' dir='ltr'><strong>prioris</strong></span> <span class='ocrx_word' id='word_1_295' title='bbox 390 4131 488 4214; x_wconf 88' lang='lat' dir='ltr'><strong>partis</strong></span> <span class='ocrx_word' id='word_1_296' title='bbox 502 4133 658 4215; x_wconf 83' lang='lat' dir='ltr'><strong>explicatio</strong></span> <span class='ocrx_word' id='word_1_297' title='bbox 686 4153 797 4220; x_wconf 76' lang='lat' dir='ltr'><strong>magno</strong></span> <span class='ocrx_word' id='word_1_298' title='bbox 825 4129 1034 4221; x_wconf 86' lang='lat' dir='ltr'><strong>probabilitatis</strong></span> <span class='ocrx_word' id='word_1_299' title='bbox 1049 4133 1161 4215; x_wconf 68' lang='lat' dir='ltr'><strong>⁴specie</strong></span> <span class='ocrx_word' id='word_1_300' title='bbox 1184 4151 1329 4196; x_wconf 85' lang='grc' dir='ltr'><strong>ιιιιιιιιιιιιι-</strong></span> 
     </span>
     <span class='ocr_line' id='line_1_35' title="bbox 257 4233 1384 4321; baseline -0.003 -25"><span class='ocrx_word' id='word_1_301' title='bbox 257 4234 352 4321; x_wconf 69' lang='lat' dir='ltr'><strong>datur,</strong></span> <span class='ocrx_word' id='word_1_302' title='bbox 372 4235 416 4298; x_wconf 89' lang='lat' dir='ltr'><strong>ita</strong></span> <span class='ocrx_word' id='word_1_303' title='bbox 436 4234 529 4298; x_wconf 84' lang='lat' dir='ltr'><strong>altera</strong></span> <span class='ocrx_word' id='word_1_304' title='bbox 548 4254 619 4314; x_wconf 88' lang='lat' dir='ltr'><strong>pars</strong></span> <span class='ocrx_word' id='word_1_305' title='bbox 640 4237 775 4300; x_wconf 87' lang='lat' dir='ltr'><strong>omuibus</strong></span> <span class='ocrx_word' id='word_1_306' title='bbox 799 4237 1005 4321; x_wconf 80' lang='lat' dir='ltr'><strong>interpretandi</strong></span> <span class='ocrx_word' id='word_1_307' title='bbox 1027 4236 1189 4304; x_wconf 78' lang='lat' dir='ltr'><strong>rationibus</strong></span> <span class='ocrx_word' id='word_1_308' title='bbox 1210 4233 1331 4310; x_wconf 77' lang='lat' dir='ltr'><strong>resistit,</strong></span> <span class='ocrx_word' id='word_1_309' title='bbox 1383 4252 1384 4285; x_wconf 78' lang='lat'>1</span> 
     </span>
     <span class='ocr_line' id='line_1_36' title="bbox 257 4325 1328 4434; baseline -0.021 -15"><span class='ocrx_word' id='word_1_310' title='bbox 257 4333 353 4434; x_wconf 63' lang='lat' dir='ltr'><strong>3¹⁸1]oe</strong></span> <span class='ocrx_word' id='word_1_311' title='bbox 376 4325 555 4422; x_wconf 71' lang='lat' dir='ltr'><strong>uuamquam</strong></span> <span class='ocrx_word' id='word_1_312' title='bbox 579 4341 620 4411; x_wconf 84' lang='lat' dir='ltr'><strong>rie¹</strong></span> <span class='ocrx_word' id='word_1_313' title='bbox 641 4325 841 4434; x_wconf 83' lang='lat' dir='ltr'><strong>prioripurte</strong></span> <span class='ocrx_word' id='word_1_314' title='bbox 869 4343 999 4424; x_wconf 85' lang='lat' dir='ltr'><strong>plerique</strong></span> <span class='ocrx_word' id='word_1_315' title='bbox 1027 4342 1088 4406; x_wconf 80' lang='lat' dir='ltr'><strong>iore</strong></span> <span class='ocrx_word' id='word_1_316' title='bbox 1110 4336 1282 4432; x_wconf 79' lang='lat' dir='ltr'><strong>interpretes</strong></span> <span class='ocrx_word' id='word_1_317' title='bbox 1302 4342 1328 4400; x_wconf 85' lang='lat' dir='ltr'><strong>ot</strong></span> 
     </span>
     <span class='ocr_line' id='line_1_37' title="bbox 258 4439 1330 4531; baseline 0.003 -31"><span class='ocrx_word' id='word_1_318' title='bbox 258 4439 351 4502; x_wconf 87' lang='lat' dir='ltr'><strong>critici</strong></span> <span class='ocrx_word' id='word_1_319' title='bbox 380 4439 456 4506; x_wconf 86' lang='lat' dir='ltr'><strong>iuter</strong></span> <span class='ocrx_word' id='word_1_320' title='bbox 491 4461 526 4506; x_wconf 77' lang='lat' dir='ltr'><strong>se</strong></span> <span class='ocrx_word' id='word_1_321' title='bbox 555 4453 777 4527; x_wconf 76' lang='lat' dir='ltr'><strong>museoseruut,</strong></span> <span class='ocrx_word' id='word_1_322' title='bbox 813 4447 849 4510; x_wconf 85' lang='lat' dir='ltr'><strong>rle</strong></span> <span class='ocrx_word' id='word_1_323' title='bbox 862 4445 1042 4531; x_wconf 71' lang='lat' dir='ltr'><strong>posterori-</strong></span> <span class='ocrx_word' id='word_1_324' title='bbox 1061 4455 1144 4530; x_wconf 85' lang='lat' dir='ltr'><strong>parte</strong></span> <span class='ocrx_word' id='word_1_325' title='bbox 1172 4443 1330 4529; x_wconf 80' lang='lat' dir='ltr'><strong>permultas</strong></span> 
     </span>
    </p>
   </div>
   <div class='ocr_carea' id='block_1_5' title="bbox 1297 4600 1385 4974">
    <p class='ocr_par' dir='ltr' id='par_1_15' title="bbox 1297 4562 1385 4974">
     <span class='ocr_line' id='line_1_38' title="bbox 1297 4600 1385 4974; baseline 0 0"><span class='ocrx_word' id='word_1_326' title='bbox 1297 4741 1301 4752; x_wconf 42' lang='lat'>⁴</span> <span class='ocrx_word' id='word_1_327' title='bbox 1375 4600 1385 4974; x_wconf 81' lang='lat' dir='ltr'><strong>l</strong></span> 
     </span>
    </p>
   </div>
   <div class='ocr_carea' id='block_1_6' title="bbox 0 0 1415 5014">
    <p class='ocr_par' dir='ltr' id='par_1_16' title="bbox 0 0 1415 5014">
     <span class='ocr_line' id='line_1_39' title="bbox 0 0 1415 5014; baseline 0 0"><span class='ocrx_word' id='word_1_328' title='bbox 0 0 1415 5014; x_wconf 95' lang='lat' dir='ltr'><strong> </strong></span> 
     </span>
    </p>
   </div>
  </div>
 </body>
</html>
