2774 5014
560 358 922 535 ιιιπ

5 583 96 654 lm·
116 585 346 668 deanoig
355 583 613 669 Ahaivoraslo'o
625 543 809 655 Euclidem
822 581 1005 692 Repertus
1000 587 1136 653 mxv

11 697 91 764 ,3
130 703 212 758 eto.
200 691 248 784 ),
278 691 486 756 Geneoiums.
506 713 536 758 ι.
557 691 763 756 Ahosveros
754 715 784 754 ιιι
806 693 886 758 Hali.
907 693 1029 778 Encycl.
1078 696 1139 760 Ne-

7 819 74 881 puc
106 806 238 860 tamen
259 795 314 858 lroc
335 797 377 856 ita
399 796 531 875 disputo,
556 817 613 876 quo
631 797 705 858 nihil
727 817 854 878 nuquam
874 797 906 859 in
926 798 983 860 hac
1004 819 1037 860 re
1053 798 1139 865 inve-

1 900 199 979 stiganda
220 899 313 959 bonne
336 895 430 976 longis
452 915 472 957 a
480 894 602 958 criticis
624 897 767 976 prolatum
791 897 844 974 sit,
870 898 922 960 aed
946 907 992 960 est
1012 899 1151 980 profecto

9 1005 111 1067 haec
141 999 285 1084 quaestio
315 999 452 1079 aprima
478 997 533 1059 illa
557 998 676 1078 optandi
702 1007 730 1060 et
757 994 992 1080 circumvagandi
1019 991 1140 1099 libidine

13 1109 66 1167 ad
103 1113 209 1166 certa
231 1103 373 1184 quaedam
400 1099 546 1164 indicendi
561 1110 718 1164 momenta
746 1102 888 1166 trndnotn.
938 1101 1025 1167 Hunc
1046 1119 1139 1185 qnae·
1166 1114 1173 1186 Ἰ
1242 1139 1247 1158 ι

21 1202 171 1267 stiomis
199 1203 241 1268 do
266 1202 418 1264 Ainosvero
448 1183 633 1296 progressum
663 1199 859 1262 Ιίὶιιιιιιιιι
819 1199 1008 1280 agnoscimus
1031 1223 1138 1286 eaque,

38 1327 138 1386 quae
161 1307 201 1376 alr
218 1287 286 1368 aliis
306 1307 342 1369 ad
362 1323 426 1366 earu
449 1291 657 1384 expedieudem
678 1301 791 1384 prolato
812 1311 895 1382 sunt,
923 1305 1140 1388 amplectimnr3
1161 1381 1164 1388 Ι

42 1409 156 1490 nerine
180 1428 247 1470 vern
264 1408 320 1470 hoo
341 1407 425 1468 notris
446 1405 604 1486 sumimus,
626 1415 657 1468 ot
678 1426 785 1469 novam
808 1409 952 1487 quandam
975 1417 1004 1470 et
1023 1408 1137 1471 inandi-

45 1511 119 1571 tsru
156 1511 195 1570 de
222 1509 372 1570 dhasvero
411 1505 583 1600 sententiam
615 1525 826 1587 proponamus,
863 1510 914 1569 sed
946 1525 1010 1596 com
1044 1511 1139 1590 ipsam
1216 1500 1221 1506 ⁸
1251 1541 1258 1550 ’

42 1609 254 1686 senteutiam,
283 1626 357 1688 qnae
382 1605 450 1668 inde
471 1605 655 1703 a'Scoligeri
680 1616 807 1686 tempore
828 1606 859 1668 iu
881 1607 942 1684 dies¹
965 1610 1064 1692 plures
1083 1632 1146 1679 ua-x

41 1727 100 1780 cta
120 1725 173 1778 est
198 1725 413 1795 petrouosnos
433 1721 545 1793 quoquo
565 1709 757 1774 defendimus.
800 1710 859 1774 Sed
882 1731 946 1772 com
973 1711 1142 1788 lraeosen-
1207 1712 1216 1773 .’

43 1821 152 1885 tentia
179 1819 306 1879 nondum
325 1816 365 1878 ita
387 1814 583 1892 dolonemsit,
602 1823 632 1875 ot
654 1814 844 1896 argumentis,
867 1814 969 1900 quibus
990 1817 1149 1899 niteretur,
1206 1831 1217 1856 ⁵
1246 1888 1254 1902 ⁸

46 1923 133 1988 uihil
158 1922 229 1984 addi
252 1929 281 1982 ct
300 1922 337 1980 ab
361 1919 491 1980 omnihus
510 1915 639 1996 partibus
661 1919 719 1980 iam
740 1917 812 2006 satis
835 1927 893 1980 tota
914 1933 1013 1998 posset
1027 1923 1141 2004 haberi,

49 2036 196 2096 nostrum
220 2043 330 2105 qnoque
352 2020 435 2102 gunni
461 2019 622 2103 symbolum
644 2021 923 2116 quantulumcunque
943 2023 1070 2089 adiicere
1091 2047 1150 2090 co-
1228 2107 1233 2113 ἢ

49 2131 217 2196 uabimur.
825 2142 827 2153 ’

59 2270 72 2287 .
171 2233 353 2310 Quamquam
382 2249 469 2310 spero
496 2229 563 2312 ipsa
594 2249 682 2293 verae
710 2228 872 2304 sententiae
897 2213 1142 2297 demonstratione

55 2334 199 2415 reliquas
230 2331 381 2414 opiniones
410 2332 484 2393 ultro
514 2330 660 2394 sublatum
687 2329 741 2412 iri,
771 2340 868 2392 tamen
895 2330 942 2394 his
971 2332 1167 2415 coniectoris

59 2437 198 2502 breviter
223 2435 408 2497 recensendis
436 2434 515 2498 viam
542 2437 580 2496 od
607 2434 804 2521 quaestionem
838 2432 933 2512 ipsam
966 2426 1144 2507 muniamus.

65 2541 183 2606 Contra
202 2559 269 2616 ecs,
291 2525 338 2619 gni
362 2541 396 2600 de
417 2537 543 2601 Medicis
562 2536 648 2600 etin'm
670 2537 790 2618 regibus
804 2537 1007 2617 dadolootnr,
1030 2538 1142 2613 fortiter

66 2651 97 2704 ct
117 2645 216 2716 docte,
244 2637 431 2717 ut'ossolet‚
462 2638 571 2720 diputat
592 2638 743 2718 Vitrioga;
773 2646 860 2716 tota,
889 2638 981 2718 iuquit
1008 2635 1144 2723 (indip-

68 2741 169 2831 polyp.
190 2737 318 2824 Chron.)
340 2739 463 2806 historia
478 2740 619 2804 Esthcrae
642 2738 757 2816 clamat,
780 2737 1028 2818 perdhasnerutn
1048 2740 1142 2822 illum,

74 2845 123 2926 qni
143 2843 295 2914 Estheram
322 2841 377 2906 sibi
399 2841 540 2904 connubio
561 2839 725 2921 copulavit,
755 2837 974 2919 intelligendum
998 2861 1066 2905 esse
1087 2862 1171 2923 pon

76 2954 178 3007 tentem
199 2941 324 3022 aliquem
344 2943 547 3021 monarchum,
568 2961 628 3002 non
651 2939 930 3022 Modo-Persicum,
953 2943 1005 3004 sed
1026 2943 1142 3006 Perso-

76 3043 237 3130 Medicnm,
268 3041 348 3104 ouius
368 3042 408 3105 iu
436 3023 559 3124 imperio
588 3042 697 3106 Persae
724 3039 961 3121 praevaluerunt.
989 3042 1160 3107 ·Praeter·.
1194 3063 1195 3068 ’
1224 3119 1226 3125 γ

80 3167 162 3231 quem
187 3146 263 3207 enim
289 3147 362 3228 qood
384 3143 490 3208 Persae
520 3145 630 3226 passion
658 3131 690 3206 in
709 3143 831 3208 historia
852 3143 993 3210 Estheroe
1015 3166 1143 3230 praepoff
1219 3216 1222 3237 ,

86 3259 181 3310 nuotur
195 3248 308 3326 Medis,
337 3248 431 3312 lorma
458 3249 629 3331 regiminis,
657 3246 824 3330 metropolis
853 3247 1143 3330 regni,*anpplitodo
1259 3238 1261 3246 ¹

86 3350 204 3432 imperii,
232 3349 277 3412 cui
302 3337 452 3432 subiectae
471 3373 580 3436 quoque
599 3353 713 3414 fuerunt
734 3351 848 3414 insulae
871 3351 962 3414 maris
988 3352 1061 3433 (10,
1084 3345 1142 3435 1.),

82 3449 212 3518 vocolnls
231 3451 352 3512 Persica
379 3452 463 3532 plura
490 3453 524 3515 iu
544 3453 619 3517 libro
646 3451 749 3532 obvia,
775 3452 805 3516 id
827 3451 990 3516 clarissime
1011 3441 1144 3518 videnlur
1265 3457 1266 3460 ’
1380 3493 1381 3501 1

84 3557 205 3622 evincere
229 3557 319 3638 (apud
338 3553 549 3639 namnamp,
573 3557 714 3643 toto),
748 3556 862 3619 Deinde
884 3554 995 3638 Cyrum
1013 3559 1067 3619 s'olr
1088 3541 1144 3621 noss

84 3659 155 3720 minc
170 3656 312 3732 Ahasveri
338 3657 430 3719 nostri
459 3658 549 3720 latore
575 3677 659 3720 nemo
680 3656 829 3735 defendet,
858 3656 906 3737 qui
927 3655 1075 3736 insignem
1095 3660 1144 3723 fa-

84 3781 191 3842 uorem,
219 3782 275 3843 qno
297 3772 395 3826 unctor
409 3745 464 3826 'itte
482 3760 820 3846 negotioso-Medici
840 3762 907 3827 inde
925 3785 944 3828 a
965 3764 1158 3848 Babyloniae,

87 3863 256 3981 occupatione
276 3864 395 3928 ludaeos
413 3869 642 3965 amplecteretur,
666 3866 900 3946 consideraverit,
922 3863 1059 3946 ettotam
1081 3870 1144 3948 eino

86 3966 225 4050 ingenium
246 3985 310 4028 cum
330 3967 382 4048 iis,
403 3989 477 4050 qnae
498 3973 534 4034 de
553 3970 704 4032 Ahasiero
727 3969 832 4032 tradita
853 3969 923 4050 siut,
944 3971 1144 4054 composuerit.

86 4067 240 4150 conopeo
258 4089 326 4132 noro
349 4081 376 4132 et
396 4072 533 4146 Pseudo-
541 4072 711 4151 Smerdem‚
731 4071 778 4155 qni
800 4071 918 4154 dicitur,
942 4074 1068 4137 brevitas
1089 4091 1145 4134 an·
1231 4063 1235 4068 ⁸
1278 4105 1281 4116 -
1385 4095 1386 4126 ι

90 4191 187 4254 uorum,
208 4170 312 4254 quibus
330 4183 537 4254 regnaverunt,
559 4173 761 4256 oquecstiooe
778 4184 878 4238 nostro
891 4174 1028 4267 excludit.
1059 4173 1144 4254 Darii

94 4271 233 4355 Hystaspis
254 4275 384 4353 patronis
403 4275 470 4338 item
489 4261 584 4340 obstet
601 4274 738 4355 temporis
759 4275 854 4359 ratio,
881 4275 954 4340 satis
976 4262 1054 4337 euim
1076 4296 1147 4339 cou-

11 4419 14 4422 .
95 4372 198 4462 ιιιιιι.
210 4375 279 4442 mr
291 4376 332 4460 4,
353 4379 406 4448 ιι
427 4379 556 4461 ιιι-
565 4383 620 4451 ιι.
635 4383 689 4452 ιι.
711 4376 866 4462 flaret
889 4379 920 4462 1
942 4377 1032 4444 Sed
1050 4378 1079 4459 1
1098 4375 1172 4463 1).
