2774 5014
589 487 665 564 rur
936 571 938 584 ,

883 592 923 636 κ,

7 659 258 732 ,fulciendam
288 653 394 735 utitur,
432 643 682 722 commemoratur.
745 649 879 738 Denique
916 645 1063 738 quo'lure
1088 657 1166 724 mett
1229 662 1232 669 '

21 763 93 824 illi
124 761 254 824 libello
276 757 407 836 Gracco,
437 757 489 837 qui
510 755 674 820 Humanum
694 755 884 822 Macedonem
904 758 1065 845 feneum)
1094 761 1166 832 lidae
1295 759 1297 770 ’

29 869 169 943 potest
199 857 327 935 haberi,
360 875 426 918 cnm
450 855 587 930 volumen
620 855 786 932 Hebraeum
817 861 855 920 de
879 860 997 939 origine
1022 860 1169 942 Humanis

35 961 278 1026 Macedonica
302 958 376 1022 nibil
407 957 578 1021 tradiderit‘l
620 955 687 1020 Non
715 959 860 1023 validiora
889 969 957 1024 sunl
982 949 1165 1041 argumenta,

48 1090 147 1152 quae
172 1070 310 1133 Ouderus
331 1064 520 1160 contra'lpsti
541 1061 639 1126 Parim
663 1063 857 1127 testimonium
877 1064 1006 1147 protulit.
1050 1067 1081 1130 ls
1102 1065 1167 1146 pri-

44 1195 158 1238 mum
183 1175 334 1252 comparat
353 1167 453 1230 Purim
478 1187 543 1230 cum
572 1187 606 1228 eo
626 1168 718 1248 leue,
749 1169 875 1250 quodie
897 1168 1065 1232 memoriam
1084 1168 1166 1250 ludia

2 1272 8 1283 '
51 1277 156 1337 alnae
174 1271 334 1333 institutum
363 1265 428 1332 esse
456 1268 592 1330 traditum
619 1267 678 1346 sit,
715 1269 810 1350 itaque
840 1272 1076 1351 quemadmodum
1103 1270 1163 1333 bea

62 1375 192 1436 festum
213 1373 248 1434 ud
269 1369 425 1435 historiam
440 1368 569 1436 ludialrue
591 1389 609 1431 a
632 1368 798 1448 suspicione
826 1374 961 1433 tuendam
984 1370 1165 1450 nonualcet,
1295 1413 1296 1426 ,

68 1475 123 1536 it'a
149 1491 262 1553 qnoque
282 1471 383 1534 Parim
404 1479 532 1532 nostrum
555 1471 592 1530 ad
617 1471 817 1558 quaestionem
839 1473 875 1534 de
894 1471 951 1534 fide
974 1472 1043 1533 libri
1057 1473 1166 1535 Esthe-

66 1597 136 1640 rae
155 1576 260 1638 inutile
283 1559 349 1640 ease
370 1568 417 1656 (p.
432 1571 511 1654 77.).
555 1575 593 1634 At
615 1591 683 1635 vero
695 1590 837 1654 magnum
855 1575 932 1637 inter
954 1585 1104 1656 utrumque
1120 1574 1166 1637 see
1187 1597 1190 1604 ⁴

62 1691 156 1744 stum
179 1675 339 1740 discrimen
360 1674 487 1756 negligit
508 1673 635 1741 criticus.
665 1677 710 1740 Eo
731 1677 809 1740 enim
828 1677 983 1759 plurimum
1000 1677 1098 1743 differt
1118 1676 1165 1739 fe-

59 1795 157 1848 stum
185 1779 318 1844 luditlr'ec
345 1797 364 1840 a
387 1779 504 1858 Pniinr,
538 1781 616 1859 quod
643 1780 725 1842 nulle
758 1776 874 1860 praeter
905 1783 1011 1858 libram
1036 1781 1166 1844 luditlae
1275 1859 1277 1862 Ι

59 1887 168 1949 valde
190 1891 357 1963 suspectum
379 1871 546 1944 lesti'illios
567 1889 684 1969 exstuat
705 1881 849 1963 uestigia,
887 1883 1072 1947 Mordecbeei
1095 1903 1165 1949 vero

59 1986 254 2052 memoriam
275 1984 427 2066 quotannis
448 1986 486 2045 ab
513 1983 629 2045 ludaeis
648 1981 712 2046 iam
727 1981 886 2068 antiquitus
909 1983 1084 2049 eelebratam
1099 1986 1165 2049 esse

62 2113 111 2154 ex
147 2087 368 2152 commentariis
399 2086 513 2149 lasonle
542 2081 687 2168 Cyrenaei
717 2086 763 2170 (r.
783 2073 925 2155 2'Mace.
951 2091 1009 2168 15,
1036 2090 1107 2166 37.)
1137 2095 1167 2149 et
1230 2141 1232 2146 ,

60 2192 197 2274 lusepbi
220 2190 344 2255 historia
366 2190 484 2252 ludalen
505 2189 551 2270 (v.
571 2189 670 2270 dotiq.
689 2190 748 2269 11,
771 2192 827 2275 6.)
850 2192 1042 2274 comperimus
1062 2199 1090 2254 et
1111 2192 1166 2252 lr'o-
1220 2188 1224 2196 ‘

63 2299 124 2360 die
149 2295 240 2358 etiam
259 2293 365 2357 lentum
380 2293 480 2356 Purim
502 2291 579 2354 inter
601 2313 660 2354 eos·
672 2312 728 2354 non
746 2294 869 2358 desiisse
890 2295 921 2356 in
941 2295 1050 2376 uulgus
1062 2301 1166 2356 vnotent

54 2407 135 2463 ,ne
178 2397 272 2476 Quod
299 2417 370 2458 vero
392 2398 529 2478 Iosephus
556 2405 657 2457 narrat
675 2397 781 2458 festum
807 2385 937 2461 nostrum
966 2401 1042 2462 inter
1063 2409 1164 2460 omnes

67 2503 208 2564 ludaeos
227 2518 281 2585 per
300 2507 389 2560 totum
411 2506 551 2560 terrarum
573 2499 673 2558 orbern
686 2497 834 2578 dispersos
846 2507 1050 2580 snotempore
1071 2497 1186 2560 foisse«
1296 2506 1309 2518 ‘
1346 2505 1349 2514 ‘

71 2607 219 2682 solenne,
247 2622 305 2664 non
333 2604 466 2684 opinatur
489 2602 619 2666 Oederns
650 2601 1032 2685 probare,⁴llierosolymiu
1052 2615 1164 2682 quoque

70 2700 256 2779 memoriam
277 2706 421 2768 Estheree
438 2715 471 2767 et
492 2701 679 2766 Mordcclruei
702 2704 867 2768 solemniter
889 2723 956 2768 esse
977 2705 1163 2782 celebratam,
1209 2719 1212 2732 *

72 2816 240 2892 propterea
262 2811 336 2891 quod
355 2828 419 2871 eum
439 2810 579 2890 Iosephus
601 2809 762 2886 scriberet,
790 2807 1009 2890 Hierosolymne
1032 2808 1089 2870 iam
1109 2809 1165 2868 dm
1290 2817 1306 2848 -“

72 2915 160 2978 letae
173 2903 285 2974 fuerint
304 2911 349 2996 (p.
370 2909 451 2994 79.).
493 2913 559 2974 Hoc
581 2911 714 2992 profecto·
726 2932 784 2972 uon
806 2920 851 2974 est
872 2909 1073 2991 argumentari
1081 2893 1097 2993 ‚‘
1109 2912 1164 2972 sed

78 3014 242 3079 somniare.
283 3012 348 3075 Nou
370 3013 434 3094 plus
453 3013 531 3076 valet
553 3021 755 3092 argumentum
779 3031 817 3074 ex
838 3011 929 3074 nimiu
951 3011 1075 3076 lasciuia
1096 3009 1164 3073 festi

77 3115 186 3178 Parim
198 3113 351 3175 recentiori
364 3114 492 3194 petitum,
507 3115 582 3194 quod
594 3117 669 3175 bene
684 3113 821 3192 refutarit
836 3113 990 3176 Sobuluins
1004 3114 1051 3199 (p.
1060 3109 1164 3196 261.)-

81 3214 313 3278 Probabiliorem
336 3215 421 3290 babet
442 3214 569 3294 speciem
599 3213 802 3275 testimoninm*
818 3214 978 3296 quoddam,
1013 3215 1085 3294 quud
1104 3211 1163 3280 Oe·

88 3319 176 3376 derne
195 3319 266 3396 apud
290 3313 500 3396 Lightioetium
520 3321 556 3378 ad
579 3316 638 3380 lob.
654 3317 712 3393 10,
735 3319 789 3381 22.
811 3315 975 3399 indagavit.
1018 3313 1063 3377 lbi
1085 3313 1164 3374 enim

88 3439 131 3482 ex
150 3417 260 3487 Hieros.
275 3419 393 3500 Megill.
414 3419 554 3501 refertur,
576 3423 619 3486 85
640 3419 786 3498 seniores,
807 3413 928 3500 qnorum
947 3419 1013 3499 plus
1034 3420 1077 3484 30
1092 3432 1163 3498 pro*

79 3525 189 3608 pinetae
216 3523 347 3610 suenus,
371 3533 472 3587 eontra
496 3527 665 3590 mandatnm
691 3524 877 3612 Mordecbaei
904 3523 1102 3586 'ct-·llstherae
1129 3532 1163 3582 se

78 3623 266 3707 opposuisse.
309 3623 455 3702 Quamuis
471 3624 624 3690 Schnlnins
655 3624 718 3686 sina
743 3617 928 3685 dubiumr-te
949 3607 1078 3700 moneat,
1108 3623 1163 3685 boc

79 3725 280 3790 testimoninm
308 3742 413 3804 parum
441 3734 550 3788 centnm
577 3744 660 3807 esse,
689 3734 783 3787 tamen
803 3721 872 3784 mibi
895 3721 954 3784 noa
976 3741 1099 3802 prorsus
1117 3723 1163 3787 vi·

77 3832 169 3890 detur
190 3827 438 3888 contemnendum.
460 3825 546 3888 Certe
566 3825 642 3886 enirn
663 3825 735 3883 baec
755 3823 1063 3902 fabulademoustrut‚
1086 3823 1163 3885 Tal-
1267 3879 1275 3890 ,

75 3933 227 3998 medietas
247 3935 279 3993 in
300 3931 352 4027 illo
374 3934 509 3994 mandatu
529 3931 638 4012 aliquid
659 3925 821 4009 reperisse,
844 3928 975 4009 qnodiis
995 3939 1095 3992 contra
1116 3929 1163 3990 le·

73 4029 159 4124 gem
176 4048 205 4102 et
226 4040 457 4103 consuetudinem
487 4057 619 4120 pugnare
648 4035 743 4096 visum
763 4033 813 4097 sit.
855 4034 895 4094 Et
916 4033 1037 4094 hoccine
1057 4032 1163 4096 mirum

76 4146 153 4210 eati
191 4144 289 4226 Supra
312 4141 518 4231 exposuimus,
547 4149 721 4224 quantopere
748 4148 776 4203 et
795 4148 1001 4221 argumentum
1016 4149 1049 4224 et
1068 4139 1164 4201 forma

188 4377 218 4443 *t
234 4379 278 4433 lix
289 4379 340 4434 hoc
350 4378 479 4433 Humanis
490 4377 651 4444 cognomine
658 4379 788 4446 apparet,
804 4374 976 4446 appendicem
990 4373 1051 4430 libri
1066 4371 1163 4428 listhe-

76 4478 130 4518 rae
150 4463 237 4516 multo
252 4465 373 4530 tempore
388 4467 450 4530 post
467 4461 649 4516 Alexandrum
666 4459 813 4520 confectam
829 4471 897 4514 esse.
