2774 5014
179 619 182 626 ¹
243 587 400 654 &theram
412 584 484 653 nibil
497 584 702 656 atmtlutsets
715 595 872 668 expetere,
888 583 945 651 uisi
967 599 1055 667 mm
1071 599 1154 667 mn
1172 580 1353 674 mamb,

164 735 168 740 -
240 684 355 785 Ifrioris
377 702 471 754 autem
493 689 551 752 diei
573 691 695 752 edietum
717 679 833 754 ludaeis
858 710 914 752 uon
945 692 1003 753 nisi
1033 691 1154 754 liberam
1183 693 1353 757 ultionem

243 795 389 877 permisit,
410 789 506 872 itaque
528 794 555 854 si
576 793 622 856 ius
643 793 740 873 ipsum
760 791 951 874 respicimus,
972 795 1070 858 Persis
1086 813 1156 858 saue
1172 796 1251 877 plus
1269 819 1349 860 eun-

127 891 130 900 *
245 901 369 977 ceditur,
404 918 488 978 quam
518 895 649 974 ludaeis,
683 885 728 959 illi
754 898 861 958 habeat
887 905 1054 976 potestatem
1082 898 1270 979 adoriendi,
1313 901 1346 964 hi

133 999 141 1010 ’
243 1023 312 1068 reru
335 1003 530 1065 vitam'suam
550 998 739 1082 betenacurte
777 1008 805 1060 et
833 1019 871 1076 err
893 1001 947 1062 boo
975 998 1067 1064 edictu
1089 1000 1182 1063 altero
1211 1021 1343 1086 qunque

243 1104 290 1166 tlie
308 1103 415 1164 Persae
436 1098 527 1174 adorti
546 1117 611 1174 esse
632 1099 732 1161 ludaei
754 1109 849 1164 autom
873 1119 905 1162 ee
922 1097 1233 1182 defendisse'putaadi
1252 1115 1334 1167 sunt

242 1203 306 1268 lluo
328 1204 415 1268 etiarn
437 1200 503 1260 iude
524 1209 659 1278 apparet,
681 1200 754 1280 quod
773 1221 838 1262 oum
860 1201 951 1280 priori
973 1198 1019 1264 ulle
1038 1203 1191 1283 quingenti
1212 1205 1337 1272 Persae

153 1333 154 1336 ¹
242 1307 328 1372 Susis
355 1313 455 1368 esseut
482 1302 642 1384 ibterleuti,
672 1303 764 1367 altero
781 1302 840 1370 ,die
865 1321 923 1376 pou
954 1293 1171 1384 plustreuanti'
1185 1312 1332 1375 trucidati

242 1429 308 1474 esse
334 1415 500 1495 narrantur.
550 1405 697 1469 Praeridit
723 1407 814 1486 igitur
833 1405 975 1486 Esthera,
1008 1419 1053 1470 sat
1074 1409 1179 1473 multos
1201 1413 1325 1478 relictus

241 1532 307 1576 asse
328 1509 403 1572 inter
422 1506 567 1570 Susianos
592 1507 794 1586 adversarius,
824 1509 872 1590 qui
897 1507 1011 1570 mortali
1030 1510 1204 1574 ludaeorum
1227 1517 1315 1576 arde-

241 1621 307 1676 rent
327 1611 390 1675 odio
413 1630 517 1691 eosque
540 1618 731 1690 opportunam
744 1609 822 1672 nauti
834 1611 1014 1676 occasionem
1035 1616 1138 1693 quouis
1159 1623 1244 1694 paeto
1261 1635 1307 1676 es-

242 1723 310 1805 sent
329 1713 475 1791 vexatori,
508 1710 567 1772 aliu
595 1719 690 1771 autern
712 1706 838 1791 tempore
860 1710 975 1775 ludaeis
996 1733 1056 1774 uon
1082 1713 1169 1776 laoile
1193 1716 1317 1778 liberam

241 1815 304 1878 fore
324 1812 477 1891 ultionum,
491 1799 492 1802 ¹
504 1831 596 1890 neque
617 1819 724 1872 tautam
739 1811 849 1873 nomini
868 1831 967 1874 eorum
980 1815 1200 1897 auctoritatem,
1232 1836 1321 1898 quam

190 1937 191 1944 ¹
242 1937 330 1999 quum
349 1916 455 1996 regina
484 1923 511 1976 et
529 1915 672 1976 seruulus
700 1923 764 1995 past
786 1934 884 1995 regem
905 1916 1034 1980 omnium
1057 1939 1154 1980 rerum
1181 1919 1322 2001 publiea·
1373 1963 1374 1986 1

239 2041 309 2084 rum
324 2018 555 2096 administrator,
583 2037 620 2078 ex
641 2017 697 2090 hau
718 2032 804 2098 geute
826 2026 927 2084 esseut
947 2017 1072 2084 oriundi.
1116 2021 1216 2098 Quare
1228 2015 1321 2102 upta-

237 2115 283 2190 ait
302 2123 447 2200 liemaro,
485 2129 515 2182 at
537 2129 602 2181 tuoe
624 2119 716 2200 potius
736 2109 804 2182 odiu
834 2121 880 2182 illi
897 2122 1051 2186 Persarum
1074 2119 1238 2186 exeo'rabili
1262 2126 1320 2188 lra-

239 2231 332 2292 beoae
353 2223 582 2308 remitterentur,
605 2223 642 2282 ue
665 2221 724 2282 alio
743 2233 879 2314 tempure,
892 2225 1007 2286 ludaeis
1024 2226 1080 2288 hoo
1101 2237 1248 2290 certamen
1267 2227 1319 2288 ui-

200 2401 203 2411 ,
239 2330 296 2394 ruis
318 2336 395 2392 esset
415 2326 553 2408 iniquum.
596 2322 695 2405 Neque
712 2326 843 2406 equidem
862 2325 972 2409 vireo„
986 2348 1037 2390 our
1059 2330 1112 2392 buo
1134 2330 1197 2392 eius
1215 2339 1317 2394 rutum

103 2412 107 2420 „
135 2416 144 2428 ³
238 2421 274 2498 in
293 2431 399 2496 malam
425 2438 533 2511 partem
554 2427 926 2509 interpretaritlebeamus,
954 2431 1008 2493 hoo
1028 2413 1238 2495 uerte‘fortiter
1258 2435 1327 2496 ἀνω

238 2537 341 2614 leudo,
362 2533 406 2596 rei
428 2531 575 2614 popularls
597 2523 735 2610 studium,
755 2535 828 2612 quud
849 2533 880 2594 iu
901 2525 951 2596 illo
965 2523 1036 2598 'roto
1060 2544 1211 2616 cernatur,
1227 2515 1313 2616 mpl-

239 2645 300 2700 tam
322 2633 439 2704 differre
460 2629 619 2715 eteorum
639 2631 826 2711 ludaeorum,
854 2633 903 2714 qui
925 2633 1188 2698 Ptolemeuaeorum
1215 2627 1310 2716 reau-

144 2810 148 2815 Α
201 2769 204 2776 s
238 2742 364 2808 tionibus
385 2740 416 2802 in
438 2757 536 2800 omnes
557 2736 728 2818 peregrinos
750 2744 779 2798 et
800 2739 930 2802 ethnicos
943 2739 1118 2806 ‚inflammati
1140 2741 1213 2819 siut,
1243 2745 1308 2806 odio

175 2899 177 2907 .
237 2843 507 2920 vehementissimo„
540 2843 614 2923 quod
636 2840 749 2922 quidem
768 2841 871 2904 odium
885 2844 960 2907 haud
983 2844 1044 2906 scio
1064 2843 1102 2905 ab
1120 2844 1228 2906 anullo
1245 2845 1306 2910 fero

238 2947 297 3012 aliu
312 2947 350 3014 ll.
373 2947 422 3018 Τ.
434 2945 508 3010 libro
534 2944 630 3024 magis
649 2943 777 3004 alienum
797 2945 851 3024 sit,
889 2966 974 3028 quam
994 2947 1030 3008 ab
1052 2945 1193 3010 Estherae
1213 2948 1306 3011 histu-

228 3040 295 3114 'rita
352 3047 450 3128 Neque
479 3065 549 3125 vero
577 3043 635 3132 diui
663 3051 782 3124 potest,¹
804 3044 887 3108 illum
906 3045 1055 3110 ,Estherae
1084 3065 1208 3110 amorem
1234 3068 1304 3130 erga

237 3149 354 3238 gentem
379 3169 463 3212 suam
488 3148 547 3210 ullo
575 3150 813 3230 morlo'puguare
842 3170 906 3212 uum
929 3149 984 3230 iis,
1015 3169 1093 3232 quae
1122 3149 1248 3233 alioquin
1267 3155 1301 3214 de

214 3259 300 3342 ‘eius
321 3253 442 3338 iugenio
464 3261 638 3316 narremur.-
675 3250 769 3314 Multa
789 3262 884 3315 autem
906 3252 1002 3316 miuus
1024 3245 1299 3334 ignominia'pu'tti-
1375 3275 1376 3300 ν

238 3383 290 3442 ua,
310 3343 538 3442 'quaeadavera
552 3352 676 3416 filiorum
698 3341 842 3417 Humanis
862 3354 1055 3436 affiuiruluit
1073 3357 1212 3437 Esthera,
1234 3378 1297 3420 uou-

236 3473 282 3526 tra
310 3450 453 3522 historiae¹
477 3454 706 3533 probabilitatem
738 3464 831 3535 potest
866 3456 977 3524 afferri.
1015 3457 1209 3522 .Gommuuis
1241 3461 1292 3523 fere

236 3561 362 3632 omnium
383 3558 551 3642 populorum
573 3566 701 3620 veterum
722 3553 784 3621 erat
803 3561 917 3640 upiuiu,
951 3561 1186 3641 ingratioribus
1207 3563 1299 3626 urimi-
1341 3543 1342 3548 ἵ

150 3743 154 3748 ,
200 3734 205 3752 ¹
235 3665 322 3727 nibus
344 3680 461 3727 oausam
481 3657 700 3742 patrisfamilias
730 3664 766 3724 ab
796 3662 863 3742 ipsa
882 3662 997 3726 familia
1014 3665 1127 3726 secerni
1149 3685 1206 3726 auu
1231 3665 1298 3748 pos-

235 3787 297 3833 ee.¹
323 3766 357 3828 Si
377 3768 414 3838 ad
432 3763 583 3827 Hebraeus
603 3776 785 3846 spectamus,
806 3764 1136 3846 tttusoissimumjtuius
1150 3767 1297 3832 reiexem-

234 3871 325 3954 plum.
341 3880 476 3930 narratur
497 3867 528 3928 in
554 3869 677 3931 historia
704 3867 938 3954 Auhauis,(lus.
961 3891 987 3935 u.
1006 3871 1065 3954 7.).
1110 3871 1210 3952 Neque
1231 3891 1293 3934 uero

233 3976 290 4038 boo
308 3981 407 4036 eontra
426 3969 582 4036 Persarum
605 3972 692 4053 leges
719 3970 812 4036 fuisse
841 3981 962 4036 testatur
981 3974 1152 4052 Ammianus
1174 3975 1293 4038 Mareel-

234 4077 311 4140 linns
331 4076 393 4154 23,
415 4077 446 4140 6.
475 4071 547 4154 (alr.
568 4073 637 4137 Hit.
659 4076 792 4156 3,118.
817 4077 888 4142 119.
911 4077 980 4142 last.
1005 4077 1061 4156 10,
1083 4075 1142 4160 2.).
1186 4077 1292 4140 Accedit

235 4180 309 4261 quud
333 4177 380 4240 luia
407 4177 592 4238 manifestum
619 4177 689 4254 luit,
717 4177 792 4238 lilios
813 4177 970 4242 Hamauis-
986 4183 1100 4259 eodem,
1133 4199 1188 4260 quo
1208 4189 1289 4260 pater,

234 4279 353 4342 scelesto
366 4279 534 4341 ludaeorum
550 4278 615 4338 urtiu
628 4276 719 4338 luisse
732 4278 940 4361 inflammatus,
960 4279 1037 4344 alias
1048 4270 1124 4344 euim
1139 4300 1195 4342 nuu
1209 4283 1308 4360 primo.

233 4379 357 4443 ultionis·
366 4379 537 4442 ludaeorum
552 4377 599 4442 dia
615 4397 664 4441 eus
680 4379 771 4444 adorti
786 4390 903 4463 esseut,
922 4403 1012 4464 nequo
1027 4381 1231 4451 occubuissent.
1287 4423 1289 4428 -
