2774 5014
680 445 784 540 ,ιιι

7 603 8 606 ¹
84 651 87 656 Δ
178 688 179 693 1
210 631 280 696 pere
299 613 393 676 laetus
413 612 527 678 Xerxes
546 635 613 677 enm
635 592 767 696 rogarit,
789 622 820 676 nt
839 603 1086 695 quidquid'rellet
1110 601 1200 678 a'se.
1233 599 1348 694 ’μειε-

210 720 267 776 ret.
308 713 430 795 Pythius
450 735 518 778 eum
539 716 594 776 boe
611 715 676 796 ipso
695 725 822 796 tempure
849 713 925 776 nibil
945 713 1080 792 baberet,
1108 717 1195 796 quod
1235 723 1345 794 pete-

210 823 273 894 ret,
301 816 388 895 paolo
414 825 479 898 post
499 815 628 882 Xerxem
656 817 787 899 rogauit,
815 825 863 894 ut,
892 801 957 878 eum
985 803 1084 879 omues
1106 819 1241 899 quiqpe
1277 815 1340 878 lilii

149 927 163 988 “,
212 914 262 1002 sui
278 915 310 977 in
329 919 458 981 exercitu
477 919 596 984 Persico
625 928 741 998 essent,
776 918 938 983 maximum
960 928 1030 981 natu
1055 923 1104 980 ad·
1112 929 1334 982 senectutem
1377 959 1379 982 ι

212 1039 298 1082 suam
314 1025 503 1104 recreandam
532 1032 561 1084 et
581 1043 643 1084 rem
663 969 837 1086 familiarem
855 1021 1115 1086 administrandam
1138 1022 1206 1084 sibi
1242 1025 1326 1082 red-

214 1115 305 1189 deret.
347 1123 412 1188 Hae
433 1144 528 1206 aequa
550 1133 579 1186 et
599 1125 728 1187 modesta
748 1109 1018 1204 petitionerXerxis
1038 1124 1183 1202 superbia
1211 1123 1309 1185 etia

212 1231 363 1305 tantopere
384 1226 511 1288 excitata
530 1235 592 1307 est,
619 1235 651 1288 ut
672 1247 775 1306 eorpus
794 1223 849 1288 lilii
863 1221 969 1305 illins,
992 1245 1077 1306 quem
1099 1235 1191 1306 pater
1216 1237 1294 1305 peu.

210 1335 267 1406 ret,
285 1319 445 1392 dissonaret
457 1339 485 1392 et
499 1329 633 1428 partibus
648 1328 797 1413 utrubique
811 1327 913 1410 positis
935 1329 1094 1390 exereitum
1112 1331 1313 1390 traduceret.
1378 1317 1379 1398 l

169 1413 174 1426 ’
212 1428 273 1506 Qui
294 1433 330 1492 ab
354 1433 409 1494 bas
430 1453 535 1495 eausas
562 1433 749 1512 levissimas,
786 1433 888 1514 quibas
905 1430 1092 1493 maiestatem
1118 1451 1208 1494 suam
1231 1431 1313 1492 lae-
1378 1428 1379 1512 l

212 1551 279 1594 sam
296 1531 373 1596 'esse
394 1534 576 1615 opinaretur,
603 1537 675 1598 talia
705 1544 871 1616 perpetrare
897 1534 1047 1613 sustinuit,
1083 1535 1310 1597 issaram
1378 1529 1379 1540 ’

211 1631 318 1694 mimm
344 1643 389 1696 est
417 1636 492 1715 qaod
519 1635 671 1715 reginam,
718 1631 802 1718 quee'
816 1637 952 1698 mandato
968 1634 1063 1724 &regio
1083 1653 1202 1714 morem
1233 1653 1310 1694 non

163 1755 165 1761 ’
212 1729 373 1810 gessisset,
404 1734 566 1815 repudiarit
588 1718 616 1797 et
637 1744 723 1798 totam
743 1725 858 1816 gentem
871 1735 1067 1815 ludaeorum,
1099 1734 1149 1814 qui
1172 1743 1311 1816 prepter
1378 1737 1379 1769 t

162 1827 165 1843 '
211 1827 313 1895 mores'
340 1855 422 1918 suos·
439 1837 603 1915 peculiares
625 1837 822 1900 contumaciae
851 1836 978 1916 speeiem
1003 1823 1196 1916 praeberent,
1228 1837 1304 1898 lla-

129 1987 137 1994 .
211 1935 309 1998 manis
328 1937 373 2000 sni
396 1938 511 2002 libidini
531 1941 595 2002 siue
616 1941 676 2002 ulla
696 1941 888 2003 haesitatione
908 1939 1043 2020 prodidit.
1086 1936 1203 2002 Deinde
1224 1959 1303 2000 ma-

212 2058 273 2118 gna
295 2039 327 2100 iu
346 2039 497 2104 Abasuero
523 2043 661 2106 eernitur‘
679 2027 796 2105 luxuria
818 2053 845 2106 et
872 2043 1034 2106 ostentatio.
1076 2023 1123 2106 ite
1147 2045 1204 2104 boe
1226 2043 1298 2124 qui-

212 2139 279 2198 dem
306 2139 488 2220 aXerxis
479 2143 599 2222 ingenio
627 2143 754 2206 alienum
782 2143 848 2206 luit.
901 2128 1002 2222 Qarid
1012 2141 1081 2204 aliis
1110 2145 1146 2204 de
1166 2143 1307 2222 regibus
1378 2128 1379 2143 ¹

110 2224 114 2234 ’
199 2239 368 2304 Persarum
391 2255 528 2332 narratur
554 2246 584 2307 ia
614 2246 797 2326 uuiversum,
833 2246 862 2309 id
888 2245 1074 2332 ononnullis
1095 2244 1290 2324 scriptoribus

150 2327 173 2360 ⁸
210 2345 383 2428 nominatim
411 2348 543 2411 tribuitur
568 2350 672 2414 Xerxi.
726 2338 856 2412 Xerxem
886 2321 1014 2410 relelant
1040 2347 1159 2410 Cieere
1179 2349 1279 2428 (Tua

213 2445 336 2524 Quaest.
357 2453 396 2529 5,
418 2451 470 2537 7.)
488 2461 517 2514 et
539 2452 673 2517 Valerius
695 2452 753 2538 (9,
773 2455 803 2518 1.
825 2461 900 2518 extr.
915 2451 1011 2536 3.')
980 2473 1012 2514 er
1035 2451 1202 2530 praemium
1224 2471 1287 2532 pro-

212 2549 363 2630 posuisse,
383 2553 430 2632 qui
442 2573 556 2634 noram
568 2555 730 2636 ‚reperisset
750 2554 936 2634 voluptatem.
964 2553 1002 2614 m
1021 2573 1084 2613 eum
1107 2573 1145 2613 ex
1162 2553 1287 2616 Graecia

115 2737 116 2740 Ἴ
212 2654 306 2715 redux
328 2665 406 2717 esset
422 2655 535 2735 laetus,
567 2658 682 2720 tristem·
701 2657 794 2720 eladis
816 2675 887 2719 suae
908 2655 1134 2718 reeordatiouern
1155 2656 1285 2718 libidinis

175 2749 176 2752 ¹
211 2753 433 2838 intemperantia
453 2756 768 2839 exstinguere'studuit
789 2759 834 2840 (v.
856 2757 926 2820 lldt.
948 2761 987 2836 9,
1009 2755 1111 2839 102).
1145 2741 1201 2818 ‘Et
1223 2759 1284 2839 qrrid

212 2857 311 2936 magis
331 2860 367 2920 ad
381 2861 599 2922 ostentationem
620 2869 714 2939 potest
732 2872 929 2942 comparatum
951 2879 1027 2936 esse,
1051 2878 1141 2937 quam>
1158 2867 1218 2919 tota
1234 2880 1284 2920 ex-

212 2957 364 3038 peditionis
386 2964 525 3025 adversae
546 2962 674 3026 Graecos
696 2959 862 3050 pompali)
891 2959 991 3041 Neque
1013 2980 1080 3022 uero
1101 2961 1161 3022 hoe
1176 2980 1197 3022 a
1212 2962 1285 3022 Xer-

93 3090 95 3097 ι
212 3060 263 3131 xis
286 3062 384 3124 auimo
414 3066 580 3162 abhorret,
603 3069 684 3146 qaod
706 3067 874 3128 dhaererus
901 3073 1035 3126 enarratur
1062 3063 1285 3126 Mordeebaeum

211 3174 330 3246 propter
350 3155 474 3257 affinium
496 3169 552 3231 sibi
575 3171 763 3250 praestitum
765 3188 877 3230 summo
896 3167 988 3229 studio
1014 3174 1042 3229 et
1063 3165 1161 3246 gratia
1178 3185 1283 3245 prose-

213 3279 318 3349 quutus
340 3290 418 3334 esse.
458 3271 537 3334 Nam
556 3273 695 3335 eiusmodi
712 3271 910 3359 generosioris
933 3269 1022 3332 animi
1041 3268 1154 3330 indieia
1175 3271 1209 3330 de
1230 3289 1280 3330 eo·
1374 3315 1375 3332 ι

213 3377 278 3438 dem
299 3377 398 3440 Xerxe
424 3357 461 3440 ab
483 3377 627 3440 Herodoto
659 3379 764 3439 tradita
788 3387 867 3444 sunt.
925 3373 1117 3464 Notissimum
1140 3383 1185 3436 est
1203 3372 1272 3449 illud,

175 3485 178 3490 '
211 3475 417 3558 Demaratum,
422 3493 553 3557 regem
584 3479 809 3560 Spartanorum,
845 3495 1017 3556 quamquam
1045 3493 1134 3552 saepe
1161 3466 1267 3558 ingenua

212 3583 287 3674 apud
308 3579 437 3650 Xerxem
466 3578 646 3661 loqueretur,
680 3600 737 3642 non
760 3563 843 3641 modo
871 3577 946 3640 nibil
974 3593 1115 3660 passam
1103 3595 1199 3654 esse,
1227 3572 1272 3637 sul
1377 3615 1379 3678 ιχ

213 3684 303 3746 etiam
316 3685 416 3773 multis
437 3685 571 3750 allectum
587 3707 652 3769 esse
668 3685 837 3746 bonoribus
845 3681 912 3766 (r.'
906 3679 1040 3759 inprimis
1054 3678 1123 3746 lldt.
1138 3681 1170 3757 7,
1187 3625 1277 3758 lua..)

91 3861 96 3870 ,
212 3765 400 3868 Manifestum
421 3810 535 3872 qaoque
543 3789 797 3870 magnanimitatis
811 3791 1016 3852 documentum·
1027 3780 1119 3845 edidit
1126 3783 1241 3844 Xerxes
1255 3771 1296 3840 in*

212 3889 288 3954 Buln
308 3898 336 3951 et
357 3891 657 3974 SpartbioSpartanis
676 3889 862 3954 dimittendis.
904 3887 942 3950 lli
967 3887 1043 3949 euim
1063 3895 1082 3946 ιι
1102 3884 1220 3952 diritate
1232 3904 1281 3946 saa

127 3977 131 3989 ’
213 3991 299 4056 missi
329 4003 411 4055 erant
436 3998 473 4066 ad
500 3998 616 4058 eaedem
644 3995 805 4076 legatorum
825 3990 1006 4054 Persioomm
1035 3988 1230 4068 expiandam,
1257 3995 1282 4047 et

213 4117 386 4220 quampuam
407 4098 537 4163 multum
546 4101 661 4179 aburat,
684 4108 716 4160 ut
732 4083 884 4226 supplices
900 4110 1004 4174 regem
1019 4091 1150 4170 adirent,
1168 4089 1307 4156 Xerxes.

128 4366 131 4371 -
315 4326 344 4395 *ι
366 4329 399 4384 In
416 4329 568 4386 uniuersum
585 4315 619 4384 de
636 4331 773 4386 luxurioso
793 4327 890 4384 Xerxis
915 4293 1024 4394 ingenio
1041 4317 1163 4397 eiusque
1170 4345 1187 4382 a
1204 4327 1280 4418 Dario

132 4415 157 4445 ·'
214 4413 365 4471 diflerentia
380 4415 499 4530 disputet
514 4418 591 4472 Plato
606 4413 640 4474 de
655 4414 736 4484 legib.
752 4418 806 4474 Ill
822 4417 893 4489 Opp
909 4417 946 4474 11.
973 4431 1001 4484 p.
1019 4417 1114 4470 baa.
