2774 5014
739 445 901 545 1³⁰.

16 665 20 674 .
94 597 99 617 '
123 677 126 684 ,
246 617 334 711 quadr
354 613 476 698 egregie
497 621 559 680 ιιιιι
577 615 653 682 heae
673 613 771 682 tributi
783 592 903 686 ‘m'eutio
922 635 997 696 nun·
1011 623 1187 694 testimoniis
1206 627 1279 695 iltis
1298 637 1333 698 de

106 806 109 817 s
185 740 188 744 ²
244 719 515 800 puerineiirideiae
535 719 658 807 minoris
678 720 788 786 Xerxis
806 719 936 806 tenpore
957 729 1137 810 moerorem
1156 734 1330 804 mnreniat

345 855 526 920 Postremum
555 857 794 940 inter'tenrpuris
820 857 944 939 iudiein,
970 879 1045 942 qnae
1070 862 1100 926 iu
1130 865 1211 930 irene
1235 890 1326 950 quae-

223 956 364 1020 ¹ationem
396 963 517 1040 cadant,
552 961 655 1024 referri
681 961 768 1024 etiarn
796 961 909 1044 possint
938 965 1057 1029 uomina
1083 969 1321 1055 magistratuum,

241 1062 452 1166 praefectorum
476 1073 504 1128 et
522 1063 649 1128 virerum
671 1064 823 1128 nebiiium.
865 1063 905 1128 Et
925 1065 1000 1130 ireee
1020 1087 1069 1132 res
1090 1071 1219 1136 maximi
1245 1076 1319 1139 ride-

242 1171 292 1225 tur
316 1157 454 1229 'momenti
483 1187 568 1247 osse,
603 1167 630 1230 si
653 1166 887 1262 consideramus,
919 1167 1030 1234 Xerxis·
1055 1170 1212 1238 historiam
1251 1177 1308 1239 inter

243 1263 374 1334 Graecas
403 1291 470 1335 esse
497 1255 714 1335 eeleberrimrrm
739 1279 767 1333 et
788 1271 879 1334 muita
903 1271 1022 1336 nomina
1042 1292 1159 1359 eornm,
1190 1281 1247 1360 qui
1271 1281 1312 1342 ιιι

241 1365 355 1436 iltius·
345 1369 459 1454 eruperii
481 1372 630 1454 negotium
652 1354 767 1454 aliquod
785 1371 901 1452 egerint
919 1373 1119 1456 memorabile,
1141 1369 1222 1459 apud
1244 1381 1318 1444 seri·

240 1455 343 1557 proro's·
361 1474 491 1538 Graecos
512 1473 704 1539 oireumierri.
744 1475 844 1552 Quare
865 1473 978 1538 videtur
995 1461 1223 1546 eonsentaneunn
1243 1503 1318 1563 esse,

239 1578 274 1640 ιιι
293 1577 423 1659 utrisque
451 1579 489 1642 de
509 1577 609 1670 eodem
636 1596 707 1670 rege
732 1577 923 1642 monumentis
944 1599 1152 1665 nonuunquam
1173 1593 1255 1648 uerte
1279 1607 1319 1649 ex

239 1677 345 1742 iisdem
366 1677 531 1742 nominibus
553 1685 583 1742 et
604 1657 769 1742 muneribus
788 1682 904 1743 eosdem
924 1681 1057 1746 hemines
1069 1701 1159 1766 passe
1180 1688 1321 1790 agnosci.

238 1781 342 1864 ltaque
369 1790 400 1846 ut
420 1801 460 1846 ex
481 1783 537 1846 hee
565 1781 675 1865 quoqne
695 1782 819 1845 materia
841 1781 952 1848 iustum
974 1783 1131 1851 formarem
1151 1809 1319 1871 argumen-

238 1891 318 1964 tum,
346 1881 465 1953 nomina
484 1881 623 1964 utrinque
652 1883 739 1946 ebria
763 1883 964 1962 perlustranda
984 1885 1160 1954 existimari.
1208 1890 1315 1980 leres
1379 1917 1380 1934 ι

193 1999 197 2005 ·
238 1987 354 2072 quidem
381 1985 477 2070 reperi
499 1985 647 2050 nominum
675 1981 895 2068 similitudines,
918 1991 969 2052 sed
998 2010 1063 2053 enm
1085 2011 1125 2056 ex
1145 1989 1316 2074 quaestione

237 2093 276 2156 de
297 2086 441 2154 dhasueri
463 2087 581 2151 nomine
602 2087 816 2169 perspexerim,
843 2087 1066 2170 quam‘lubriea
1086 2093 1167 2156 *hese
1189 2093 1242 2156 rie
1267 2115 1313 2156 es-

238 2201 302 2274 set,
327 2190 494 2282 romildam
525 2190 646 2255 missam
659 2189 735 2255 ieei.
778 2191 838 2255 Sed
858 2211 917 2256 nan
944 2213 1078 2276 pessum,
1107 2197 1178 2280 quin
1206 2217 1310 2278 paneae

238 2295 406 2360 criticorum
440 2293 590 2376 opiniones
624 2311 676 2356 ex·
697 2291 755 2355 ime
785 2283 894 2374 genere
919 2297 1143 2376 argumentandi
1178 2297 1307 2362 offeram.

169 2471 174 2500 Ι
234 2399 433 2466 Bertiroldtina
448 2386 562 2462 'nemen
592 2407 677 2493 τι),
705 2395 755 2477 qui
784 2415 933 2479 gynaeceo
957 2398 1107 2480 virgiuum
1129 2403 1304 2484 praepositus

234 2503 330 2568 fuisse
358 2502 463 2566 dieitur
498 2503 553 2582 (2,
578 2499 645 2585 8.,)
678 2500 755 2579 apud
784 2498 912 2563 Ctesiam
939 2500 995 2565 sibi
1022 2501 1169 2566 ridetur·
1158 2505 1311 2569 unvenisse

42 2637 53 2662 e
101 2676 103 2682 ἲ
238 2603 284 2688 (p.
303 2601 429 2690 2424..)
471 2599 587 2666 Ctesias
606 2599 704 2718 (Pms.
724 2592 793 2686 24.)
817 2587 917 2675 narrat
938 2601 1053 2682 quidem
1070 2603 1200 2685 Hegianr
1220 2629 1310 2702 queu-

234 2708 303 2770 dam
322 2705 432 2770 Xerxis
451 2713 580 2785 tempore
608 2699 728 2767 uixisse
743 2719 863 2783 eumque
883 2701 1058 2784 Demarato,
1086 2725 1171 2787 quern
1198 2717 1310 2772 eonstat

200 2885 202 2894 Ι
233 2829 255 2874 a
275 2811 377 2876 Xerxe
398 2825 576 2890 magnopere
596 2804 732 2870 diieotum
753 2825 819 2892 esse
840 2814 926 2886 atque
945 2806 1135 2887 honoratum,
1162 2811 1308 2894 adiungit,

154 2919 163 2987 j
232 2931 329 2996 aeque
356 2931 426 2975 roro
452 2925 612 2989 manguam
633 2907 755 2969 horum
757 2905 905 2968 nominum
927 2905 1143 2972 similitudinem
1168 2925 1237 2976 esse
1257 2935 1308 2977 ne-

233 3013 428 3097 garipotest.
475 3009 574 3090 Quare
596 3007 668 3072 iusti
696 3016 862 3091 quoqneet
881 3007 1000 3070 Iahnius
1024 3010 1079 3073 noe
1103 3027 1305 3094 argumentum

197 3153 198 3156 =
231 3114 399 3184 attuleruut.
447 3111 486 3174 At
513 3131 583 3174 uero
609 3111 684 3174 haee
710 3113 826 3190 speeies
852 3111 1005 3174 admodum
1033 3111 1127 3194 fallit,
1159 3135 1232 3181 narn
1259 3119 1302 3184 ilio

231 3217 347 3297 Hegias
368 3209 507 3278 ocresio
525 3205 721 3295 Ephesius*)
742 3209 865 3291 dieitur,
892 3209 947 3274 troo
965 3220 1067 3304 antem·
1082 3215 1119 3276 ab
1138 3218 1217 3280 amni
1238 3243 1307 3304 pre-

107 3368 124 3396 „
213 3309 383 3387 ‘habilitate
401 3315 532 3379 alienum
553 3312 682 3396 ridetur,
711 3312 855 3398 (ιιιιιιιι
876 3312 1003 3395 aliquem
1020 3279 1166 3380 homiuem
1183 3339 1304 3404 eumque

229 3424 360 3490 nobilem
388 3415 587 3508 eastmtieuis
601 3416 795 3499 ignominiam
821 3415 993 3506 sustinuisse
1014 3428 1043 3482 et
1064 3438 1214 3506 gynaeceo
1223 3424 1299 3486 Per-

230 3531 294 3597 siee
311 3547 378 3592 esse
400 3521 606 3609 praepositum
648 3521 685 3586 in
705 3530 815 3614 tautam
831 3495 946 3605 quidem
966 3523 1160 3605 suspicionem
1172 3526 1227 3590 ndu
1244 3528 1293 3591 iu-

230 3639 349 3700 ιιιιιιιι
377 3632 452 3693 duee
468 3627 668 3691 Hebraeorum
693 3626 841 3689 nominum
867 3647 932 3692 enm
959 3627 1060 3694 alteris
1080 3629 1200 3696 Graecis
1220 3653 1301 3697 oom-

141 3745 145 3748 '
229 3733 415 3824 parationes,
447 3744 520 3811 ques
545 3725 669 3790 instituit
694 3726 867 3810 Dereserus.
924 3716 1064 3810 Opiiratur
1091 3732 1169 3806 enim
1197 3728 1234 3800 V.
1262 3733 1302 3802 l).

226 3857 336 3906 nemen
361 3824 512 3898 mardonii
545 3829 577 3894 ιι
603 3829 726 3893 historia
753 3831 875 3894 Xerxis.
899 3832 1121 3897 celeberrimum
1149 3856 1169 3900 a
1201 3850 1300 3928 nestro

227 3951 375 4056 &We
392 3936 468 4024 qnod
485 3953 590 4042 nemen
608 3933 658 3997 uni
677 3953 723 4016 ex,
736 3939 845 4018 septem
860 3935 941 4017 regis
962 3936 1140 4004 eeu'siiiariis
1161 3940 1302 4008 tribuatm

227 4099 534 4117 *fin——

117 4189 128 4200 ·
236 4161 239 4166 ¹
295 4180 326 4250 ἰ)
343 4175 423 4248 Apud
435 4170 602 4232 Herodotum
616 4173 698 4232 etiam
709 4139 811 4256 Hegias
825 4177 933 4249 quidam
945 4158 1166 4236 commemoretur
1181 4145 1303 4252 (ιιι).

223 4268 278 4323 Ηιι
295 4265 378 4320 irater
395 4260 534 4316 Tisameni
551 4261 633 4316 Eleus
652 4264 766 4334 dieitur,
791 4270 820 4318 et
838 4263 918 4320 Lioni
936 4265 1044 4322 Ctesias
1067 4267 1207 4338 interpreti
1230 4269 1304 4324 idem

223 4354 331 4408 ridetur
350 4364 425 4426 eree,
443 4361 522 4420 quem
539 4347 664 4418 loquetur
680 4347 804 4421 Ctesias,
819 4353 867 4408 sed
884 4351 935 4409 hoo
951 4353 1094 4410 admodum
1113 4352 1225 4410 dubium
1241 4371 1303 4412 esse

133 4429 135 4436 X
210 4434 329 4507 ,opinor
