2774 5014
773 519 852 599 rue
919 549 924 556 ·

274 694 368 778 gerloc
392 690 533 775 (Damp.
549 690 613 758 117
631 687 706 776 ete.)
727 699 755 754 et
776 700 917 773 quatenus
938 691 1070 770 doctrina
1092 693 1128 756 de
1147 693 1362 776 dleplnpros

273 793 379 857 tbetico
409 792 527 871 nititur,
560 793 672 856 Pottins
694 814 806 874 qnoque
833 785 889 876 ’(ἱη
910 791 1093 878 Etpmolog.
1115 793 1355 880 Forocleungn

274 912 303 972 p.
324 893 428 956 LXllll
451 894 534 975 etc).
576 892 640 956 Hoc
662 895 738 955 iacto
758 892 944 958 fundamento
962 895 1050 958 facile
1071 901 1151 960 nora'
1165 901 1204 961 de
1227 905 1355 966 nomini

271 1001 464 1072 dimum&
495 991 610 1072 arigim
639 993 708 1056 oriri
737 1001 829 1074 potest
858 996 1017 1079 sententia,
1052 1016 1119 1062 uam
1147 1018 1216 1061 cum
1240 1015 1377 1082 praepes<

269 1097 353 1176 illum
368 1103 557 1178 ¹satraparum
580 1094 692 1156 titulum
711 1095 789 1158 aliud
810 1096 897 1158 etiam
915 1097 1086 1160 vocabulum
1107 1119 1236 1184 prorsus
1265 1105 1349 1166 simite

238 1199 302 1260 'in
324 1199 509 1279 ipsovnostro
537 1197 611 1259 libro
633 1191 797 1276 inueniatur
824 1199 903 1282 (dico
935 1203 1183 1285 nummum),
1218 1210 1265 1267 ad
1294 1213 1342 1290 ped

271 1301 516 1395 interpretandum
540 1298 684 1380 Gescnius
708 1301 828 1390 eandem
852 1301 987 1386 adhibeat
1005 1303 1161 1390 regulam,
1194 1305 1283 1370 nihil
1302 1309 1331 1370 lo

165 1413 167 1420 “
247 1405 368 1498 'megin
396 1411 641 1486 consentaneum⁸
665 1421 750 1484 qnam
772 1404 804 1464 in
831 1405 947 1466 nomine
968 1404 1112 1468 thasreri
1136 1413 1343 1488 pronuntiando

272 1519 301 1571 et
329 1507 482 1569 scribendo
509 1508 546 1567 ab
573 1506 716 1568 Hebraeis
738 1507 830 1588 Aleplr
859 1509 1061 1589 prosthetieum
1088 1511 1255 1592 adhibitum
1289 1537 1345 1577 esse

271 1608 452 1674 existimare.
495 1601 568 1669 cnm
598 1627 665 1670 vero
690 1610 745 1672 boc
773 1630 879 1688 perse
906 1630 964 1672 nou
985 1609 1120 1675 sufficiat
1137 1615 1177 1676 ‘ad
1203 1616 1345 1696 originem

270 1713 357 1788 huius
378 1710 502 1793 nominis
523 1711 671 1774 Persicam
694 1695 917 1790 iurerriendam,
947 1697 1102 1792 admodum
1122 1709 1240 1778 feliciter
1261 1720 1345 1781 acci-

271 1820 313 1883 dit
321 1869 330 1899 ‚
350 1829 382 1880 nt
402 1828 587 1880 monumenta
608 1818 845 1899 Persepolitaua‚
871 1835 945 1897 quiae
967 1819 1024 1880 iam
1052 1820 1099 1880 din
1124 1823 1271 1882 doctorum
1292 1825 1341 1884 bo

153 1936 156 1942 '
270 1925 380 1985 minum
408 1921 519 1984 animos
545 1932 661 2002 propter
680 1940 823 1984 summam
845 1941 934 1994 ‚snam
955 1922 1153 2004 antiquitatem
1182 1945 1341 2007 occupave-

166 3141 168 3149 ’
269 3150 403 3227 uomina,
431 3158 460 3231 et
481 3149 557 3212 inter
582 3154 654 3214 haec
677 3169 782 3213 uomcn
810 3170 922 3231 quoqne
942 3149 1062 3211 Xerxis.
1106 3147 1170 3208 Hoc
1191 3151 1225 3210 ad
1247 3169 1326 3230 quae-

270 2037 352 2106 ruut,
381 2025 588 2088 recentioribus
617 2019 793 2105 temporibus
815 2024 978 2088 accrrratins
1000 2025 1233 2089 describerentur
1254 2041 1284 2090 et
1301 2030 1338 2090 di·

270 2128 410 2209 ligentius
431 2125 690 2207 investigarentur.
708 2201 710 2206 ,
732 2127 850 2189 Habent
864 2137 959 2188 nutem
976 2129 1048 2192 baec
1065 2139 1255 2192 monumenta
1273 2133 1335 2192 mul-

195 2227 217 2258 *
269 2241 315 2294 tas
335 2227 537 2311 inscriptiones
560 2225 662 2308 literis,'
682 2248 753 2310 qnae
775 2231 905 2292 dicuntur
927 2229 1140 2310 euneilormae,
1170 2233 1331 2313 insculptas.

270 2333 338 2395 Hae
359 2333 459 2396 literae
489 2353 552 2394 cnm
576 2347 695 2413 prorsus
724 2334 784 2394 siut
805 2333 986 2412 singulares,
1016 2334 1188 2413 quamvisa
1215 2337 1326 2417 pluribus

270 2436 361 2513 viris,
388 2433 436 2517 qni
453 2434 601 2517 'reliquias
626 2435 735 2518 veteris
754 2434 920 2516 Persepolis
949 2435 1092 2514 riserunt,
1123 2437 1321 2516 descriptaett

269 2538 353 2601 uobis
380 2537 501 2600 traditae
523 2539 599 2617 siut,
628 2540 675 2600 din
705 2550 800 2602 tamen
825 2539 944 2618 ignotae
966 2536 1132 2616 iacuerunt,
1160 2545 1328 2619 usquedum

270 2641 306 2704 G.
328 2641 365 2703 F.
388 2640 595 2724 Groteleudius
620 2660 734 2704 summa
759 2661 813 2704 sna
834 2641 988 2722 diligentia
1006 2623 1038 2701 et
1060 2641 1223 2722 sagacitate
1247 2644 1328 2722 prima
1375 2657 1376 2717 t

268 2743 356 2806 liuius
377 2743 540 2823 scripturae
560 2745 704 2833 elementa
726 2731 879 2836 indagavit
897 2753 925 2806 et
946 2752 1038 2805 certae
1059 2742 1207 2806 cuiusdam
1239 2747 1273 2806 de
1293 2745 1329 2806 lis

252 2834 504 2926 'inscriptionibus
539 2847 687 2910 doctrinae
717 2848 807 2936 iacuit
837 2838 1061 2930 burdemontem.
1094 2844 1220 2920 ‘Invenit
1245 2857 1328 2909 auten
1374 2905 1375 2914 ,

238 2961 254 3032 Ἰ
269 2945 489 3026 Grotelcndius,
515 2947 641 3030 idquod
667 2947 729 3010 siue
754 2937 840 3008 dubio
862 2947 893 3008 iu
915 2945 1023 3027 ignotis
1051 2943 1203 3023 scripturis
1230 2946 1329 3008 intelli·
1374 2932 1375 2947 ¹

269 3050 373 3130 gendis
395 3059 423 3112 et
449 3047 633 3130 explicandis
655 3050 832 3112 tutissimum
854 3059 913 3128 est,
947 3049 1032 3128 plnra
1061 3067 1163 3128 regum
1185 3040 1328 3112 Per‘snrum
1373 3133 1374 3136 Ἴ

1373 3141 1374 3177 l

268 3251 389 3317 edonem
411 3260 539 3318 nostram
567 3254 632 3317 siue
654 3257 739 3317 dubio
761 3253 967 3334 gravissimum
990 3262 1051 3331 est,
1078 3249 1119 3312 ita
1135 3237 1216 3318 ¹enim
1234 3252 1327 3332 operi·

255 3351 315 3418 'tur
335 3355 418 3418 nobis
440 3355 533 3417 aditus
557 3359 594 3418 ad
616 3356 794 3436 primitivum
820 3356 906 3416 huius
928 3353 1051 3417 nominis
1079 3353 1204 3414 formam
1227 3371 1324 3432 cogno-

268 3459 412 3542 scendam.
455 3455 581 3534 Qualem
610 3456 700 3538 igitur
720 3456 806 3528 liuius
828 3456 955 3518 nominis
982 3455 1108 3518 formam
1130 3454 1230 3516 detexit
1249 3453 1316 3514 Gro-

178 3603 179 3608 1
268 3557 442 3622 teleudlusi,
476 3559 648 3639 Legendum
669 3557 804 3638 putavitr
832 3558 1050 3622 'Khscherscbr'e
1074 3556 1137 3618 sire
1157 3554 1312 3620 metua-

240 3715 247 3728 ,
268 3660 337 3723 selue
354 3658 401 3744 (v.
420 3658 552 3724 Haerere
572 3662 673 3726 Ideoee
692 3663 725 3742 1,
749 3661 792 3741 ll,
813 3682 844 3742 p.
867 3663 931 3728 348
946 3660 1029 3744 eta).
1074 3659 1106 3722 Si
1130 3662 1169 3722 ad
1188 3659 1254 3721 banc
1271 3677 1319 3718 no-

256 3761 362 3828 ·minis,
385 3762 715 3845 scripturem'natiram
746 3765 919 3838 adhibemus
947 3747 1036 3824 illam
1061 3761 1195 3842 regulam
1218 3763 1248 3824 de
1262 3758 1325 3821 utet
1370 3791 1371 3863 p

208 3925 210 3934 ,
270 3864 453 3945 prosthetico,
470 3868 538 3947 qnid
555 3869 587 3930 iu
606 3868 744 3932 eiusmodi
767 3889 800 3930 re
813 3877 870 3930 tem
893 3867 1053 3948 longinqua
1077 3875 1105 3926 et
1126 3867 1244 3928 obscura
1263 3883 1326 3944 pro-

266 3965 394 4031 babilius
416 3987 481 4032 esse
502 3982 604 4051 potest
622 3988 707 4054 quam
727 3979 857 4032 nostram
878 3981 1063 4049 ιχηηηωῃκ
1085 3964 1252 4032 Hebraeam‘
1267 3985 1325 4028 esse

236 4103 237 4108 κ
266 4071 392 4135 formam
418 4073 480 4134 reri
501 4074 610 4150 Xerxis
632 4072 783 4138 nominis?
825 4072 892 4152 lpse
914 4092 1027 4154 quoqne
1048 4069 1246 4135 Groteleudins
1274 4086 1326 4132 non
1369 4055 1370 4076 ¹

218 4165 220 4169 ’
267 4173 380 4237 dubitet
399 4172 466 4256 quin
486 4173 677 4256 mptum
700 4179 754 4238 boc
774 4175 872 4255 ipsum
886 4177 992 4238 valeat.
1034 4173 1246 4237 Dubitntionem
1266 4171 1325 4253 qui·

267 4279 332 4338 dem
354 4277 484 4340 excitare
511 4279 621 4359 possit,
649 4281 723 4361 quod
738 4277 968 4357 'Groteieudius‚
995 4285 1025 4337 ut
1047 4275 1117 4357 ipse'
1135 4275 1255 4356 ingenue
1281 4273 1326 4336 le-

266 4388 358 4460 tetnr,
387 4381 451 4446 siue
475 4383 556 4446 omni
577 4361 724 4446 Zeudicae
751 4383 890 4464 linguae,
920 4403 977 4464 qua
1000 4386 1111 4446 veteres
1131 4383 1233 4446 Persas
1259 4401 1326 4444 cou-

265 4491 323 4546 stat
353 4505 424 4550 usos
453 4507 534 4568 esse,
574 4496 602 4550 ot
627 4496 788 4552 ceterarum
814 4487 984 4575 linguarum
1012 4482 1325 4566 Asiaticarnmcoigni-
