2774 5014
762 419 968 534 ren.

264 615 332 660 oum
351 609 432 657 auno
452 586 568 671 imperii
593 589 640 654 sui
665 588 791 654 secundo
813 592 928 674 publico
953 595 1069 662 decreto
1093 615 1253 680 maguam
1281 621 1365 670 ει

263 716 339 780 erga
361 697 480 760 ludaeos
502 692 732 756 benevolentiam
760 701 789 757 et
817 698 1012 763 reverentibru
1040 701 1235 766 declarasse.
1290 703 1334 770 Pri
1364 709 1365 718 ’

261 803 355 885 igitur
377 800 444 882 regi
464 797 582 864 Hamae
604 797 760 862 andlan
786 819 870 862 suurn
899 804 936 866 tle
962 803 1261 872 omnibussludaeis
1282 809 1336 870 ooi

201 939 221 988 .‘
262 907 377 992 «leudis,
390 921 551 988 proponere
576 921 635 964 uon
659 921 751 966 ansus
773 912 869 985 esset,
896 927 990 989 nequo
1008 910 1241 975 Mordecbaens
1269 914 1342 976 ulbr

133 993 137 1002 ⁸
258 1011 410 1078 habuisset
436 1025 586 1086 museus
601 1025 653 1069 our
673 1007 831 1072 Estheranu
850 1009 993 1092 originem
1021 1034 1104 1078 snarn
1131 1015 1280 1078 indicare
1302 1036 1342 1080 rr-

259 1125 344 1180 taret.
366 1175 368 1180 ,
390 1113 548 1192 Praeterea
580 1110 666 1172 huius
693 1111 776 1174 Darii
812 1115 986 1184 creberrima
1021 1123 1097 1201 apnd
1116 1119 1338 1212 sHebraeoslt

257 1217 377 1299 mentio,
399 1214 506 1295 ubique
524 1229 592 1276 vero
606 1211 729 1304 uulgape
744 1213 808 1278 eius
825 1235 933 1280 nomen
953 1231 1075 1297 wrm
1097 1218 1226 1300 legitur.
1254 1219 1322 1303 libi

258 1333 303 1388 tas
324 1327 436 1393 nactus
464 1325 509 1380 cst
536 1315 666 1378 santoneo
694 1314 877 1382 Artaxerxes
905 1319 1127 1402 longimanus,
1162 1345 1272 1406 neque
1295 1327 1333 1386 lc

209 1424 211 1442 '
255 1427 365 1490 mirurn
386 1429 430 1485 est
448 1429 599 1504 propterea
616 1411 690 1501 quod
705 1419 881 1486 Artaxerxis
892 1415 1006 1508 bornen
1026 1427 1062 1488 ab
1082 1435 1205 1490 auctore
1226 1447 1334 1510 appen-

256 1527 331 1592 dicis
355 1525 487 1589 Graecae
505 1529 533 1585 et
554 1523 591 1584 ab
614 1520 824 1584 Alexandrinis
844 1523 1048 1604 interpretibus
1070 1524 1099 1589 in
1119 1525 1272 1590 Abasreri
1293 1528 1335 1588 lo-

257 1647 322 1694 eurn
352 1626 456 1708 ubique
484 1621 630 1685 subditum
651 1631 712 1684 est.
767 1622 830 1698 Hos
861 1633 993 1688 auctores
1019 1635 1157 1709 sequutus
1186 1635 1226 1690 ost
1249 1627 1332 1688 lose-

254 1733 332 1814 pbns
351 1740 380 1794 et
392 1726 539 1809 Sulpicius
554 1725 683 1789 Severus
705 1733 734 1788 ct
755 1724 828 1807 quia'
843 1727 987 1807 catholici,
1010 1727 1058 1809 qui
1081 1729 1228 1808 dicuntur,
1247 1732 1333 1792 tbeo-

170 1823 175 1831 ’
254 1829 319 1918 logi
345 1833 603 1896 additamentoruru
631 1829 746 1891 illorum
776 1829 859 1893 tideni
889 1832 1137 1896 etauctoritatem
1166 1834 1329 1913 defenduut,
1364 1897 1365 1936 ,

253 1959 313 2002 uon
335 1942 470 2020 possunt,
501 1931 570 2014 qniu
592 1930 651 2011 ipsi
673 1951 784 2013 quoque
805 1934 842 1994 ad
859 1934 942 2018 ,hane
963 1936 998 1996 de
1019 1935 1171 1998 Abasraro
1192 1940 1329 2000 accedant

23 2041 25 2048 ‘
108 2061 110 2072 ⁴
168 2102 171 2106 ,
253 2029 488 2116 senteutiam.*)
531 2032 589 2095 Sed
612 2031 744 2111 quamvis
765 2030 809 2092 illi
827 2041 943 2113 propter
964 2034 1101 2117 temporis
1123 2035 1270 2098 rationem
1291 2047 1327 2100 te·

252 2137 384 2205 stimonii
404 2136 533 2215 aliqnuru
556 2132 615 2194 vim
636 2134 743 2194 bebere
767 2133 932 2213 rideantur,
956 2143 1062 2226 tamen
1083 2137 1151 2221 quia
1172 2136 1265 2202 iniis
1285 2117 1325 2202 rc·
1364 2171 1365 2178 κ

252 2247 319 2325 bus,
338 2245 411 2323 quac
432 2241 470 2301 ad
490 2235 600 2318 tempus
621 2237 772 2316 pristinum
795 2247 935 2318 spectant,
957 2259 1059 2321 parurn
1081 2243 1156 2304 docti
1178 2252 1232 2304 aut
1254 2245 1321 2307 nauti

251 2346 525 2426 deprehunduntur‚
552 2361 605 2421 per
626 2336 684 2418 se,
704 2339 761 2402 nisi
781 2341 841 2403 alia
861 2341 935 2404 satis
955 2344 1054 2408 valida
1080 2358 1266 2427 argumenta⁴
1279 2371 1314 2411 uo

253 2447 372 2524 sedunt,
401 2443 458 2506 tale
478 2442 550 2532 qnid
570 2443 757 2520 comprobare
779 2451 935 2523 nequeunt.
978 2445 1114 2508 Attamen
1136 2447 1211 2512 baec
1234 2470 1318 2532 argu·

130 2613 131 2616 ,
251 2559 349 2616 menta
372 2568 430 2611 non
458 2546 552 2608 solnm
577 2545 796 2624 desiderantur,
824 2547 875 2610 sed
896 2547 1036 2612 babemus
1055 2549 1158 2630 etiarn,
1186 2573 1261 2634 qnae
1279 2553 1318 2616 illi

211 2639 218 2664 ‘
250 2651 420 2718 testimonio.
442 2649 633 2734 qualicunque
655 2668 863 2730 opponamus.¹
894 2649 1024 2714 Primum
1051 2673 1154 2716 nomen
1182 2657 1316 2722 Aduer-

249 2761 318 2840 xis,
346 2757 421 2840 quod
450 2755 569 2834 saepius
597 2753 737 2815 inlibris
759 2753 852 2816 Escae
872 2763 900 2816 ct
920 2754 1077 2820 Neberniae
1096 2757 1219 2840 legitur,
1248 2761 1314 2824 nibil

249 2863 311 2925 tere
335 2861 373 2922 ab
392 2856 536 2920 Hebraeis
566 2862 705 2932 mutatur,
730 2858 781 2916 sed
801 2837 1040 2934 &noemma
1065 2859 1218 2941 scribitur,
1246 2867 1313 2946 quod

108 2964 118 2990 l
249 2983 268 3029 a
294 2949 398 3026 nostro
424 2971 617 3039 tymme
650 2957 770 3020 multorn
806 2976 877 3020 saue
913 2957 1010 3022 distat.
1059 2961 1173 3026 Deinde
1198 2965 1312 3028 ulterun

247 3057 376 3152 quoque,
398 3065 472 3145 quod
493 3064 528 3124 de
547 3061 639 3124 Dario
660 3061 796 3123 monitum
816 3071 877 3142 est,
900 3061 931 3124 in
946 3061 1140 3126 Artaxerxem
1162 3066 1246 3130 etiarn
1264 3088 1314 3132 ca-

195 3197 199 3204 ·
248 3169 300 3233 dit.
342 3165 421 3230 Natu
441 3171 541 3226 norrea
562 3162 668 3242 Esrus,
690 3165 886 3227 adunarem
905 3165 1026 3245 septimo
1049 3165 1163 3248 imperii
1181 3172 1224 3233 soi
1241 3191 1310 3244 auno

248 3267 404 3351 seipsum
432 3276 460 3356 at
486 3254 601 3328 multos
623 3265 699 3326 altos
729 3267 850 3338 budaeus
879 3285 935 3328 non
963 3267 1058 3330 solutu
1089 3289 1128 3340 cx
1156 3267 1305 3353 captivitate

246 3371 467 3456 Hierosolymas
489 3369 653 3449 dimisisse,
677 3371 835 3432 sedetiam
859 3371 1001 3450 publicum
1023 3371 1061 3436 iis
1081 3375 1229 3438 tradidisse
1245 3377 1296 3455 epi-

66 3465 69 3474 *
199 3543 201 3547 ,
246 3477 352 3540 stolam
378 3475 494 3555 plenam
524 3471 694 3534 ludaeorum
720 3471 828 3536 lavaris
857 3483 884 3536 et
898 3467 1138 3542 benevolentiae.
1160 3483 1163 3488 “
1189 3478 1288 3558 ὓειίσῃο

246 3595 306 3640 uon
332 3577 428 3640 minna
457 3583 560 3638 eontra
587 3568 710 3636 Darium
737 3563 823 3654 quarn
849 3587 950 3638 eontra
974 3578 1167 3640 Artaxerxem·
1195 3565 1308 3662 pugnat,

246 3681 370 3764 quodsi
396 3679 470 3742 alter
495 3681 598 3742 borum
612 3672 721 3758 'coutet
748 3688 826 3740 esset
847 3679 1033 3762 Abasrerus,
1061 3683 1214 3762 permirum
1235 3690 1300 3745 esset

247 3783 413 3865 silentium,
443 3801 498 3865 qno
526 3764 681 3864 scriptores
701 3765 846 3861 Hebraei,
876 3785 924 3864 qui
949 3787 1049 3848 ambos
1078 3785 1145 3848 illos
1173 3789 1303 3869 principer

247 3895 470 3951 commemorant
495 3893 523 3949 et
542 3887 679 3964 landant,
710 3895 798 3948 blan
819 3887 975 3952 voluminis
998 3889 1139 3952 llstberae
1161 3909 1303 3972 argueren-

246 3999 306 4055 tnnt
327 3997 520 4070 praetereunt.
563 3991 606 4054 Ad
633 3990 795 4070 posteriora
819 4009 889 4052 vero
917 3983 1122 4072 temporaneo
1144 3997 1303 4058 descendere

227 4087 434 4152 ‘Mordcclraei
460 4097 489 4152 et
509 4087 650 4154 Estherac
671 4075 768 4170 aetas,
798 4109 873 4172 quae
893 4095 931 4172 2,
954 4097 986 4160 b.
1007 4095 1041 4160 6.
1068 4094 1219 4173 indicatur,
1245 4097 1300 4178 pati
1362 4119 1363 4158 t

246 4215 304 4258 nou
324 4193 446 4259 vidaon.
489 4193 606 4256 Etenim
626 4193 691 4256 loco
712 4193 782 4274 illo,
805 4193 854 4276 qui
875 4195 907 4258 in
926 4196 1092 4279 quaestione
1113 4201 1148 4261 de
1168 4200 1298 4264 abuerat

345 4411 375 4476 *l
394 4409 502 4470 lebuino
523 4415 630 4483 quidem
647 4421 675 4472 et
691 4390 840 4474 nem
856 4435 914 4474 eant
939 4418 1063 4476 desem
1085 4438 1139 4477 nou
1155 4421 1297 4490 dubitarunt⁴
