2774 5014
256 634 326 702 bus,
339 629 558 713 grammaticis,
586 631 655 714 quio
676 633 770 698 Kisus
797 632 864 698 loco
889 633 1039 716 proximus
1064 635 1237 702 antecedit.
1299 635 1346 700 ue

257 755 327 798 uero
350 733 469 814 saepius
496 735 648 803 obseruari
671 736 756 816 licet,
783 735 879 800 locum
903 736 934 800 iu
953 739 1102 802 verborum
1124 738 1331 806 coniunctioni

257 837 313 903 hus
332 823 429 914 tnagis
451 834 560 916 respici
580 827 874 918 qnnm'sententiaur.
914 837 977 902 la‘nr
1002 859 1070 901 vero
1097 838 1124 902 si
1146 838 1261 904 Kisus
1282 841 1335 902 did

255 946 302 1005 lar
329 939 367 1002 ao
388 933 636 1002 Nebucadueuaro
663 939 855 1021 Babyloniam
883 940 1044 1004 translatus
1077 961 1163 1021 esso,
1206 943 1242 1006 is
1276 944 1342 1006 null
1369 971 1374 1032 p

254 1038 339 1102 ruodo
363 1057 415 1116 pro
437 1045 520 1118 patre
541 1037 647 1118 Sauli,
677 1041 915 1120 quemadmodum
934 1039 1067 1120 opinatur
1089 1043 1274 1124 Schulzius,
1295 1047 1341 1108 ln-

192 1135 208 1226 Ἰ
254 1140 316 1204 lteri
336 1150 440 1222 potest.
491 1139 551 1204 Sed
572 1143 745 1224 quamquam
765 1143 820 1206 illa
836 1142 1004 1208 coniectura
1023 1143 1116 1224 primo
1139 1145 1276 1226 quidem
1299 1151 1336 1210 el-

253 1250 316 1306 tutu
345 1241 419 1304 satis
448 1241 582 1321 speciosa
610 1246 742 1324 ridetur,
772 1251 870 1306 tamen
897 1243 1010 1306 delendi
1037 1265 1092 1306 nun
1122 1254 1240 1336 potest.
1290 1247 1325 1310 lx

254 1343 383 1426 quidem
393 1341 466 1406 sutis
489 1354 619 1424 constat,
642 1345 675 1408 in
696 1342 882 1426 genealogiis
904 1345 1089 1416 recensendis
1110 1346 1231 1428 aliquot
1254 1368 1338 1412 mem·

252 1448 309 1513 bra
330 1465 349 1508 a
371 1445 485 1508 ludaeis
516 1447 607 1512 omitti
633 1447 727 1512 solere
756 1445 839 1530 (ellr.
861 1447 1034 1528 interpretes
1059 1451 1097 1512 ad
1126 1451 1340 1533 genealogiam

194 1531 196 1542 ¹
255 1547 367 1613 Christi
391 1533 781 1635 apudllllatthaenm),'sed
811 1551 866 1611 lroc
887 1570 943 1634 non
972 1553 1106 1615 continuo
1133 1555 1174 1614 ad
1205 1564 1341 1616 nostrum

172 1688 176 1696 ι
248 1650 350 1714 'locum
372 1647 525 1711 transferri
547 1649 631 1730 licet,
652 1649 700 1731 qui
722 1671 760 1712 ex
784 1649 912 1712 Schulzii
935 1649 1068 1732 opinione
1089 1651 1182 1714 tribus
1201 1639 1338 1715 munnini-

253 1755 308 1815 bus
330 1753 422 1816 multa
444 1752 661 1836 complectetur.
677 1753 809 1834 saecula.
855 1750 937 1826 ,Tale
959 1753 1027 1838 quid
1054 1753 1157 1836 legere
1185 1776 1337 1836 uunquam

251 1855 391 1936 memini,
418 1855 475 1925 nisi
499 1855 550 1918 ubi
570 1856 698 1921 hominis
722 1857 847 1918 alicuius
876 1857 958 1938 origo
987 1839 1109 1920 cx'loro
1130 1861 1260 1940 quodam
1287 1881 1334 1921 ce·-
1373 1909 1374 1942 ,

125 2027 128 2034 ,
166 2023 169 2030 ,
250 1957 408 2022 lelrerrimo
429 1955 558 2022 strictim,
576 1966 769 2036 repeteretur,
812 1961 1051 2037 quemadmodum
1070 1959 1153 2022 lesus
1175 1959 1259 2023 lilius
1274 1961 1332 2022 lla-
1373 1949 1374 1958 ¹

251 2059 344 2136 vidis,
374 2055 473 2132 ludaei
489 2046 635 2136 &newa
651 2067 732 2138 tm,
763 2059 927 2120 sacerdotes
956 2069 1073 2152 pm&
1096 2073 1162 2139 Ἦ
1187 2060 1328 2126 dicuntur.

249 2161 307 2229 illei
331 2181 401 2224 vero
416 2161 503 2223 lromo
524 2159 642 2238 ignotus
664 2159 816 2238 inducitur,
837 2159 976 2222 eiusmodi
996 2161 1079 2239 quasi
1101 2163 1197 2223 saltus
1221 2163 1254 2224 in
1277 2162 1327 2224 ori·

158 2280 160 2292 ⁴
225 2263 321 2346 'gine
350 2261 413 2324 clus
442 2260 599 2323 indicenda
633 2259 771 2322 lectorem
799 2259 910 2322 luderet
937 2279 996 2322 mon
1024 2263 1151 2324 duceret
1213 2264 1324 2326 Accedit
1373 2239 1374 2330 i

155 2377 157 2384 “
251 2367 327 2449 ¹quod
348 2365 375 2428 si
397 2372 514 2444 auctor,
544 2371 575 2424 ut
597 2361 747 2424 existimat
768 2361 942 2442 Sohuluius,
963 2363 1149 2426 Mordeohaei
1173 2371 1203 2427 et
1222 2369 1318 2432 Esthe-

248 2479 303 2534 'rae
323 2487 417 2549 genus
439 2467 477 2527 ad
499 2463 620 2544 stirpem
642 2464 754 2546 regiam
775 2465 883 2551 referre
904 2465 1056 2546 uoluisset,
1087 2465 1152 2530 sine
1174 2470 1267 2534 dubio
1286 2473 1323 2534 iu·

249 2581 294 2636 ter
309 2589 439 2653 'proauos
462 2589 520 2649 pro
540 2579 623 2649 patre
643 2568 740 2649 ipsum
762 2569 885 2632 Saulem
904 2571 1093 2634 nominasset.
1136 2571 1244 2654 Neque
1266 2599 1323 2640 vero

189 2745 191 2754 p
247 2675 320 2738 illud
341 2676 452 2752 obstet,
475 2673 550 2759 quod
571 2683 669 2734 monet
687 2671 883 2752 Carpmouius:
913 2693 999 2755 quum
1018 2674 1154 2752 temporis
1174 2679 1322 2742 articulum

244 2771 378 2858 ‘aliquem
402 2777 459 2837 hac
485 2773 684 2838 observatione
712 2775 811 2838 addita
828 2775 956 2858 Spiritus
977 2777 1011 2840 S.
1036 2777 1167 2844 iudicare
1193 2783 1321 2862 volucrit,

247 2879 322 2943 nihil
344 2877 445 2958 egisse
466 2877 596 2957 videtur,
621 2877 647 2939 si
667 2895 755 2943 auum
776 2886 826 2939 aut
846 2897 983 2958 proavum
1003 2877 1066 2940 cius
1086 2880 1262 2945 translatum
1279 2886 1321 2946 di-

245 2983 354 3062 xisset‚
376 2983 487 3062 dequo
509 2979 585 3042 alies
608 2963 659 3062 per
679 3002 712 3044 se
731 2983 891 3061 constabat,
913 2981 940 3044 si
961 2993 1058 3044 noster
1077 2982 1108 3044 in
1127 2981 1251 3051 Perside
1271 2993 1320 3053 de-

135 3109 137 3116 ’
197 3101 199 3107 ·
246 3108 328 3152 muru
355 3085 450 3148 lucem
476 3083 673 3164 adspexisuct.
703 3117 754 3152 ,-
807 3085 884 3147 Nam
914 3092 1025 3165 ternpus
1061 3085 1208 3150 indicandi
1238 3094 1319 3173 ratio,

249 3188 383 3274 quamvis
411 3207 464 3250 nos
482 3187 575 3269 ipsius
599 3187 737 3270 temporis
754 3205 843 3251 cause
864 3189 943 3250 lrunc
964 3176 1057 3249 locum
1079 3189 1316 3270 imprecationem

247 3289 459 3370 vocaverimus,
485 3287 622 3367 scriptori
642 3296 719 3349 certe
740 3288 912 3350 secundarie
932 3286 996 3356 luit.
1038 3289 1069 3350 le
1089 3288 1175 3351 eninr·
1188 3291 1248 3354 sine
1264 3298 1316 3356 du-

135 3458 139 3462 .
248 3397 298 3460 lrlo
318 3390 525 3470 Mordechaei,
556 3389 613 3452 viri
639 3389 671 3452 in
694 3391 817 3454 historie
837 3391 979 3452 llstherac
1000 3397 1056 3452 tarn
1077 3379 1217 3474 insignis,
1237 3395 1305 3456 roti-

247 3499 320 3564 tiam
340 3497 469 3578 aliquam
487 3491 602 3556 familie
616 3492 680 3554 elus
699 3492 856 3556 iudicanda
876 3494 991 3556 tradere
1011 3491 1114 3568 roluit;
1137 3501 1301 3573 ιιιιιιιιι,

126 3650 128 3654 ⁴
249 3611 369 3687 quaest
391 3601 545 3679 brevitate,¹
564 3599 642 3662 lrunc
658 3597 790 3661 familiae
801 3596 989 3662 'Mordechaei
1011 3595 1136 3660 iudicent
1157 3619 1211 3662 non
1228 3599 1307 3662 nimis

246 3703 338 3767 uellet
355 3703 509 3766 extendere
528 3707 579 3762 out
599 3697 727 3760 sortasse
747 3717 784 3760 ne
801 3705 899 3780 posset
920 3695 1051 3777 quidem,
1072 3699 1133 3757 non
1154 3699 1227 3760 ultra
1246 3717 1310 3778 pro-

246 3805 361 3870 ximum
382 3805 538 3868 terminum
557 3801 775 3880 memorabilem
796 3817 970 3882 progressus
991 3809 1045 3862 est.
1087 3799 1127 3862 llt
1144 3800 1186 3864 ita
1204 3805 1311 3884 quiden

126 3973 134 3980 ,
247 3907 325 3970 nand
349 3908 461 3970 incerte
487 3905 591 3970 aetatis
610 3904 796 3968 Mordcclraei
823 3901 1014 3983 significatio,
1041 3902 1073 3963 id
1101 3907 1173 3984 quod
1192 3904 1314 3988 Carpen-

247 4008 313 4071 vius
330 4007 459 4089 requirit,
482 4007 545 4072 looo
567 4017 665 4071 nostro
683 4008 854 4071 conductus.
896 4006 1012 4069 llteulnr
1032 4015 1090 4068 tres
1113 4027 1203 4086 paone
1222 4011 1313 4073 horni-
1371 4051 1372 4054 =

151 4187 154 4194 Ι
246 4131 316 4173 nuru
330 4117 439 4174 aetates
462 4111 701 4174 interlechoniec
721 4109 916 4190 captivitatem
938 4117 967 4170 ot
984 4117 1082 4170 natum
1095 4109 1311 4178 Mordechaeurn

246 4220 332 4294 utque
353 4211 509 4275 Estheram
536 4213 738 4276 intercessisse
761 4211 862 4292 colligi
890 4209 968 4274 licet.
1010 4209 1058 4271 Ex
1082 4213 1136 4273 hac
1156 4233 1218 4280 reru
1237 4225 1311 4278 tenr-

246 4313 326 4396 porls
347 4312 460 4375 ratione
482 4310 620 4393 sequitur,
641 4311 743 4372 Xerxe
760 4320 789 4372 et
804 4310 968 4372 Artaxemre
989 4309 1172 4390 Longirneuo
1190 4333 1311 4393 regnan·

248 4414 325 4477 tibus
346 4415 571 4478 Mordeehaeum
592 4421 621 4476 et
634 4401 796 4476 llstlreranr'
814 4411 957 4474 floruisse.
1000 4411 1064 4474 lam
1086 4423 1116 4474 ut
1139 4413 1167 4474 id
1185 4416 1251 4496 quod
1270 4439 1307 4480 ex

1165 4685 1298 4766 7.
