2874 5016
653 552 681 626 ὃ
791 551 793 559 ι

129 723 296 789 historicam
309 719 500 802 'potissimum
521 717 717 801 quaestionem
739 737 902 808 unnojesse
919 724 1136 807 necessariam,
1155 747 1206 790 eo-
1250 761 1252 766 ·

128 851 212 909 rum,
235 847 306 910 quae
327 826 533 892 recentioribus
556 823 734 905 temporibus
749 826 784 885 de
798 821 874 886 libro
888 823 1030 890 Estherae
1048 829 1078 892 in
1091 840 1205 895 utrum-

131 953 187 1016 qne
206 940 316 1014 portem
337 932 483 1012 disputata
505 935 591 1007 sunt,
621 929 797 990 demonstrat
827 923 980 1008 visuique
1000 931 1084 1028 ratio.
1127 933 1205 997 Nam

129 1006 168 1112 ii,
196 1035 245 1117 qni
267 1035 409 1098 Oedermn
432 1031 570 1111 deinceps
595 1029 707 1111 sequuti
732 1036 817 1110 cunt,
845 1029 902 1092 hoc
922 1030 1050 1094 maxime
1071 1049 1205 1120 egerunt,

128 1123 160 1198 ut
181 1137 363 1200 difficultates
385 1144 414 1197 et
435 1133 646 1211 dubitationes,
675 1151 746 1213 quas
768 1131 819 1194 iile
839 1140 940 1194 contra
960 1133 1100 1220 historice
1119 1138 1205 1204 fidem

128 1237 284 1314 excitarit,
321 1241 463 1314 augerent
491 1241 519 1295 et
547 1241 731 1296 exornarent.
782 1231 948 1296 Michaelis
966 1231 1080 1317 quidem
1101 1237 1205 1321 {(Bibl.

128 1341 371 1424 Orient.·ll.p.34
379 1360 443 1421 sqq.
451 1337 612 1401 etmaxime
625 1337 809 1402 inAnnotstt.
818 1337 880 1400 suis
887 1335 927 1402 Τ.
935 1323 1018 1408 ΧΙΙῙ.·
1025 1363 1055 1424 p.
1063 1342 1206 1432 91.sqq.)

129 1442 258 1523 speciem
285 1439 446 1503 defensoris
479 1437 548 1506 libri
575 1437 728 1501 Estherae'
746 1429 950 1520 nonnunquam
978 1459 1050 1521 prae
1077 1465 1110 1507 se
1136 1445 1206 1527 fert,

128 1548 179 1608 sed
206 1563 266 1605 non
294 1541 389 1604 solnm
416 1539 599 1604 difficultates
624 1537 730 1602 multas
759 1539 790 1600 in
816 1539 911 1603 medio
929 1539 1066 1625 relinquit
1093 1545 1205 1632 etipse

126 1665 220 1711 novas
250 1642 425 1726 suspicionis
454 1661 543 1708 ansas
571 1641 696 1723 profert,
731 1636 783 1705 sed
811 1650 849 1706 ex
876 1651 937 1707 totu
968 1646 1057 1710 etium
1084 1647 1204 1730 eiusde

74 1785 77 1794 ·
126 1750 203 1813 libro
223 1747 365 1811 Estheree
389 1745 522 1830 loquendi
546 1744 659 1808 ratione
677 1752 817 1826 apparet,
846 1753 973 1810 mentem
992 1747 1087 1830 ipsius
1102 1735 1128 1814 ¹a
1149 1754 1206 1816 du-

125 1851 266 1917 bitatione
288 1850 407 1912 mioimc
438 1869 503 1912 esse
532 1845 683 1912 liberam·
714 1843 838 1916 conoul
858 1869 946 1930 vero,
978 1851 1027 1932 qni
1054 1851 1086 1914 in
1106 1852 1204 1920 libro:

108 1953 355 2038 ΙΒιιῑειιιιῖιῑιιιις
386 1953 447 2017 der
475 1948 659 2016 Geechiclrte
693 1949 749 2014 des
775 1949 954 2034 judicatos
985 1949 1204 2022 Btheteooons

127 2081 157 2142 p.
171 2059 226 2124 64.
240 2067 297 2120 ete.
316 2055 402 2119 fidem
420 2053 559 2117 historiae
579 2053 721 2118 lietherae
749 2052 930 2137 impugnet,
958 2075 1101 2119 summum
1121 2055 1208 2121 suam

129 2145 301 2224 sententiam
321 2157 368 2221 his
390 2157 486 2221 verbis
509 2156 719 2240 complectitur:
741 2177 775 2218 cs
794 2157 881 2220 witti
900 2155 992 2222 nicht
1004 2157 1205 2244 duraufge-
1309 2152 1313 2164 ‘

127 2262 242 2342 ecdem,
271 2263 347 2324 does
365 2265 440 2324 cine
464 2257 664 2340 Gesoleiclote,
699 2259 754 2322 die
772 2258 837 2325 coll
853 2251 1207 2328 oowotrschetottcthr
1321 2253 1331 2266 ‘

130 2349 306 2427 Umstiiode
320 2367 374 2444 iet,
386 2375 511 2444 geeetzt
521 2361 613 2448 cuod,
625 2363 701 2424 dass
715 2381 794 2424 mun
805 2362 870 2425 den
881 2364 1052 2452 einzelnen
1063 2347 1205 2428 Schwiess

127 2463 293 2546 sighelmo
308 2477 409 2529 etwas
421 2475 693 2546 eotgcgenoetzcc
704 2460 804 2544 hoco,
817 2460 1034 2547 dusGeprdge
1048 2465 1107 2540 der
1120 2463 1157 2531 V
1150 2487 1206 2528 er-

127 2561 347 2652 werflt‘chheit
360 2573 455 2646 tetigt
469 2563 516 2649 (p.
531 2567 612 2644 ua).
656 2562 799 2627 Similiter
812 2563 962 2629 Semiems
983 2564 1134 2630 historiam
1148 2587 1205 2629 uo·
1334 2593 1337 2610 ·

127 2677 222 2732 stram
256 2688 307 2747 pro
333 2684 416 2730 mera
443 2668 533 2728 hahet
553 2665 654 2728 fabulo
690 2661 959 2748 (unormbuog
984 2667 1040 2731 des
1061 2665 1206 2736 Kamous

127 2771 168 2836 ll.
187 2792 216 2851 p.
235 2770 340 2852 251.).
390 2769 501 2832 Deinde
519 2766 716 2832 Eichhornius
744 2789 811 2831 cum
831 2763 955 2851 primum
975 2769 1081 2834 librum
1101 2789 1207 2836 snume

128 2871 329 2952 Einleitung
347 2875 401 2935 ists
414 2872 463 2937 A.
482 2869 547 2951 T,
559 2870 592 2933 in
607 2870 752 2951 publicum
774 2873 885 2953 ederet,
908 2891 1083 2955 quamquam
1102 2867 1211 2958 plnres¹

127 2973 311 3038 difficultates
339 2974 405 3057 ipse
428 2974 543 3038 solvere
572 2973 697 3053 studuit,
733 2981 829 3036 tanmn
847 2977 886 3037 ud
906 2973 1061 3040 historiam
1078 2973 1207 3039 addubi-

126 3079 247 3141 tande'm
265 3059 358 3139 multo
378 3075 475 3156 magis
494 3073 665 3157 inclinavit,
699 3071 784 3158 qoam
805 3077 1055 3144 ad'eredertdam.
1093 3077 1206 3140 Eodem

52 3193 54 3198 '
126 3180 190 3244 fere
210 3181 294 3241 modo
311 3178 523 3260 Bertlroldtins,
544 3185 694 3262 postquam
713 3175 847 3256 nonnihil
867 3177 899 3242 iu
914 3190 1069 3261 utramque
1090 3187 1205 3261 partem

127 3281 286 3366 disputavit
306 3280 458 3364 (denuit.
480 3283 517 3363 V,
537 3281 564 3348 l.¹
583 3303 614 3364 p.
627 3283 717 3348 2416
726 3267 819 3365 ete),
848 3281 926 3345 hauc
946 3282 1112 3364 pronuntiat
1133 3302 1205 3345 sen·
1320 3267 1323 3274 .

128 3387 263 3450 tentiam:
291 3383 344 3448 bet
361 3384 420 3447 der·
443 3381 628 3448 Uederer'clot
643 3385 753 3471 decor,
777 3387 815 3446 io
832 3383 904 3446 ἀειιι
925 3383 1037 3448 Bocche
1055 3383 1205 3448 ocream·
1289 3447 1292 3453 ,

125 3483 265 3546 mendeno
286 3481 710 3548 Uuwabrecheicliclrioeitem
727 3482 819 3546 huno
839 3503 918 3550 mcc
936 3483 1123 3565 unmiigliciu
1142 3486 1204 3549 dae

126 3585 261 3651 Itrtaeot
278 3586 525 3668 zurticloltcltcn,
552 3590 629 3652 duee
646 3589 707 3650 der
718 3587 832 3653 lebate
848 3589 1011 3654 desselben
1032 3608 1123 3668 guez
1135 3589 1210 3652 ond
1290 3599 1292 3606 '

126 3709 195 3769 gor
221 3689 310 3752 nicht
334 3692 395 3753 due
417 3688 569 3774 Geprt'tge
594 3693 654 3754 der
681 3689 874 3755 ioiekiicloen
896 3689 1087 3756 Geschioltte·
1108 3683 1205 3774 ¹trc'e'gt

106 3789 176 3871 ’(ρ.
190 3765 320 3868 24330,
342 3797 371 3850 et
389 3790 526 3856 volumen
546 3793 715 3870 esthemo,
737 3800 769 3854 nt
787 3791 915 3856 Hebraei
936 3792 1106 3874 loquemur,
1129 3797 1205 3856 inter

124 3890 218 3953 libros
245 3889 370 3970 poeticos
398 3891 484 3954 reiert
512 3894 557 3979 (p.
575 3891 701 3976 utta).
751 3894 796 3954 De
812 3891 939 3982 Wettins
967 3897 1089 3979 deniquo
1115 3916 1205 3958 unum
1284 3903 1287 3908 “

125 4000 236 4056 tantum
265 3991 370 4054 festum
386 3991 492 4054 -Purir'n
511 3985 661 4076 'integrum
686 3992 839 4075 relinquit,
868 4007 965 4062 cetera
986 3998 1101 4076 orinia,
1130 4017 1206 4081 quae

125 4096 181 4156 boc
202 4091 278 4156 libro
299 4083 484 4174 referuntur,
502 4093 535 4158 in
554 4093 753 4178 suspicionem
771 4106 864 4164 vocat.
886 4095 976 4160 'Die
996 4095 1203 4176 Erzdhluog,

126 4193 222 4273 inquit
239 4193 276 4258 V.
297 4195 355 4274 D.‚
377 4207 496 4278 spectet
517 4198 603 4260 aiter
620 4185 829 4259 historiccitcc
849 4192 1202 4277 Wad'rseheenetchteu,

126 4297 195 4358 mid
205 4296 332 4360 etttbdld
344 4297 666 4384 die¹auffaliettdsten
677 4285 969 4378 Sedebieretieitcu
980 4297 1050 4390 oud
1059 4297 1204 4362 mirere

134 4396 296 4463 Veretosee
318 4419 428 4482 gregem
437 4402 493 4465 ttae
503 4402 689 4485 persiscloen
704 4398 814 4465 Sitten
833 4401 934 4465 nebcn
952 4397 1121 4482 beddigen
1135 4401 1203 4465 Be·

125 4500 310 4584 zielmngen
322 4501 570 4592 uof‘deieeclbeo.
614 4504 700 4566 Mun
711 4502 806 4566 eane
822 4503 1013 4582 te'buotmg
1031 4500 1104 4586 fast
1118 4507 1205 4570 ulter·
