2774 5014
728 502 806 583 116

224 675 408 740 llnhertoono
436 681 465 742 et
486 669 612 736 Wahlin
639 671 833 751 assentietur,
866 670 923 753 qut·
944 674 977 736 iu
1002 673 1122 754 antiqua
1150 673 1347 742 Persam

224 778 349 841 historin
369 779 580 860 perscrutanda
600 776 660 838 hos
677 759 789 840 rivulos
804 773 989 864 'consectari,
1012 797 1098 859 quam
1119 797 1160 840 ex
1180 779 1337 862 limpidi

225 881 403 944 Graecorum
425 878 705 959 spectatissimorum
725 877 852 940 fontibus
876 876 990 941 haurire
1008 880 1186 945 maluerunt.
1220 883 1341 946 Dein-

225 981 262 1048 lo
282 983 396 1054 rhamni
426 981 493 1044 huic
520 1003 571 1043 ore
599 982 782 1062 potissimum
811 977 990 1062 propagatae
1014 983 1182 1065 memoriae]
1200 987 1342 1068 aliquid

225 1086 390 1156 tribuamus
406 1083 604 1161 auctoritatis,
626 1082 693 1162 quid
716 1091 762 1143 est
785 1081 907 1144 historia
929 1083 1044 1164 puellae
1062 1084 1191 1148 alicuius
1206 1087 1339 1148 ludai-

225 1207 278 1252 eae
305 1188 342 1248 ad
371 1187 508 1246 honorem
531 1183 647 1260 regium
676 1191 811 1262 evectae,
847 1184 915 1263 quid
944 1192 990 1245 ast
1019 1169 1184 1248 recordatio
1209 1188 1335 1266 gentis

224 1285 349 1350 alicuius
378 1281 513 1362 captiuae
543 1285 593 1363 'per
613 1281 816 1344 mulierculam
844 1282 1011 1360 epericulo
1033 1297 1170 1348 seruatae
1202 1290 1240 1349 ad
1268 1285 1324 1348 iu·

156 1455 159 1460 ,
225 1397 343 1472 gentem
360 1386 478 1467 imperii
495 1385 611 1447 'Persici
639 1386 819 1464 castitatem,
853 1389 890 1447 ad
917 1366 1079 1450 immensas
1101 1389 1232 1450 militum
1267 1411 1327 1452 cn-

185 1515 192 1532 ”
225 1498 310 1577 plas,
338 1495 376 1556 ad
400 1493 538 1555 bellorum
560 1492 753 1554 inauditorum
774 1500 954 1571 apparatus,
980 1490 1084 1572 quihus
1106 1497 1196 1556 nehus
1216 1495 1325 1556 histn-

10 1649 13 1656 .
141 1673 163 1686 Π
225 1600 272 1661 ria
292 1599 449 1662 Persarum
471 1596 589 1675 antiqua
611 1595 740 1657 conferta
763 1596 823 1656 est!
843 1619 845 1627 ’
868 1593 951 1672 Quae
973 1615 1038 1658 eum
1060 1592 1104 1657 ita
1125 1597 1206 1675 siut,
1230 1597 1321 1660 criti-

226 1719 279 1763 cus
300 1719 408 1781 aequm
435 1699 460 1760 si
483 1686 550 1780 auid
577 1699 609 1760 in
630 1701 687 1762 hac
708 1699 953 1761 demonstratione
984 1698 1134 1776 deiecerit,
1169 1701 1228 1762 hoc
1254 1721 1320 1760 nou

225 1805 271 1866 ita·
284 1792 466 1882 'magnopore
486 1801 614 1878 curabit,
649 1811 724 1864 certe
746 1821 804 1861 uon
829 1799 894 1862 iden
923 1801 1060 1862 iudicium
1088 1823 1177 1863 suum
1200 1807 1235 1867 de
1254 1802 1320 1865 lide

136 1960 138 1981 ,
226 1907 295 1968 lih'ri
317 1897 459 1968 Estharae
480 1903 619 1966 historica
640 1924 814 1985 suspensum
836 1903 954 1966 tenebit.
982 1906 1117 1966 Attamen
1139 1925 1227 1985 spero
1242 1905 1311 1966 fora

226 2009 339 2090 utplus
363 2011 509 2088 possimus
531 2017 695 2093 praestare,
730 2027 824 2089 qnam
837 2027 891 2088 per
912 2007 997 2070 huius
1019 2008 1062 2070 rei
1083 2007 1180 2088 ipsius
1203 2006 1316 2089 iniqui-

131 2115 133 2122 ’
226 2121 314 2175 tatem
336 2109 503 2191 exspectari
525 2111 622 2172 liceat.

326 2215 497 2276 Proximum
519 2213 731 2291 testinnonium,
765 2216 838 2294 quod
867 2214 906 2274 ad
927 2210 1069 2274 historiae
1089 2220 1218 2274 nostrae
1234 2212 1314 2274 veri-

227 2327 316 2382 tatem
337 2316 563 2398 confirmandam
584 2315 683 2378 allerri
708 2316 816 2396 possit,
838 2325 883 2377 ast
901 2315 1007 2378 festam
1019 2315 1131 2380 Parim.
1169 2315 1239 2378 Hoc
1261 2337 1316 2378 au-

227 2431 284 2482 tem
304 2419 500 2492 ¹testimouium
523 2428 580 2480 tam
596 2437 686 2497 grave
708 2430 752 2478 est
769 2427 797 2478 et
817 2417 962 2496 validum,
986 2426 1018 2478 ut
1037 2415 1100 2498 ipse
1124 2418 1314 2496 daWettins,

150 2605 152 2612 γ
225 2523 276 2606 qui
300 2525 335 2584 de
353 2508 409 2598 fide
429 2520 499 2583 lihri
518 2523 674 2583 admodum
696 2519 796 2601 inique
817 2520 937 2597 iudicet,
959 2519 1083 2581 scribat:
1100 2519 1163 2580 dos
1176 2523 1314 2599 ciazige

155 2647 158 2654 ⁴
225 2617 399 2697 historiando
420 2623 544 2686 mahero
564 2621 692 2684 Datum
711 2626 753 2698 ist
775 2623 833 2684 aar
853 2619 1234 2701 Zuaonrmenlnnag'dcr
1248 2622 1311 2684 Be-

160 2717 163 2728 ’
225 2725 396 2810 gebeaheit
409 2728 554 2789 aaran
567 2723 770 2812 Parimfcnte
794 2725 838 2807 (p.
853 2727 962 2807 250.»
1001 2725 1068 2812 Nou
1089 2726 1183 2805 igitur
1204 2727 1309 2789 mirum

227 2841 290 2909 ast,
315 2817 390 2912 quod
410 2830 521 2912 ii,*qui
542 2830 630 2892 fidem
652 2831 736 2892 huius
758 2829 897 2893 historiae
916 2829 1087 2908 impugnare
1111 2830 1211 2896 conati
1234 2841 1308 2910 suut,

112 2921 117 2932 ⁸
226 2937 284 2996 hoo
307 2927 419 3014 quoque
443 2943 647 3014 argumentum
665 2933 776 3020 diluere
800 2934 981 3010 studuerunt.
1030 2931 1190 2994 Michaelis
1211 2931 1310 2995 noram

215 3036 296 3100 'lenti
315 3036 414 3098 Purim
434 3037 578 3116 originem
601 3035 657 3098 sihi
677 3036 836 3114 indagasse
865 3035 976 3097 videtur
1002 3032 1034 3094 iu
1067 3033 1195 3095 historia
1214 3034 1310 3096 Nica-

226 3137 323 3224 noris,
345 3155 425 3218 quae¹
439 3145 577 3198 narratur
598 3137 616 3201 1
636 3136 735 3199 Maec.
757 3137 796 3214 7,
816 3135 1013 3200 ste-am
1035 3133 1133 3197 Maca.
1158 3135 1212 3199 ta.
1236 3133 1311 3217 (alr.

225 3242 343 3304 Annott.
363 3242 400 3302 ad
421 3241 452 3304 h.
474 3239 511 3321 Ι.)
533 3249 561 3302 et
579 3242 653 3302 haec
675 3242 730 3302 duo
752 3236 837 3300 affert
856 3237 1003 3320 opinionis
1024 3258 1096 3300 suno
1117 3248 1310 3318 argumentor

226 3345 351 3426 primum
374 3343 450 3407 diem
473 3335 611 3406 vintoniae
634 3347 670 3404 do
691 3343 839 3406 Nicanore
863 3351 1041 3422 reportatae,
1077 3343 1126 3422 qui
1153 3342 1219 3404 ideo
1245 3342 1306 3404 dies

225 3432 433 3509 laetuslaetus
455 3443 510 3522 sit,
547 3446 669 3506 eundem
689 3463 773 3522 esse,
809 3462 864 3525 qno
887 3441 987 3505 ludaei
1015 3442 1047 3503 in
1068 3442 1299 3522 lihrnEstheraa
1339 3439 1343 3441 ’

227 3553 265 3611 ah
284 3548 461 3611 adversariis
482 3543 617 3610 ultionem
642 3547 781 3628 exegisse
801 3551 967 3626 tradantur,
1001 3547 1107 3609 deiude
1129 3547 1297 3610 Nicanorem

226 3647 318 3710 luisse
341 3649 548 3727 Macedonem,
576 3647 740 3711 Hamancm
759 3647 903 3710 antemio
922 3647 1079 3728 appendice
1100 3647 1218 3712 Graeca
1237 3644 1304 3707 item

121 3791 124 3800 ·
168 3791 169 3797 κ
228 3749 285 3810 dici
305 3751 506 3832 Macedonem.
551 3751 635 3814 Haec
652 3769 726 3816 saue
747 3750 863 3823 ludendi
886 3751 981 3830 potius
1008 3770 1112 3832 cauno,
1141 3745 1234 3832 quiam
1254 3751 1306 3811 de-

226 3855 405 3916 monstrandi
427 3856 521 3936 posita
543 3856 687 3922 ridentum
747 3855 820 3933 Quis
841 3853 917 3915 euim
943 3873 982 3915 ex
1007 3853 1054 3916 his
1080 3854 1198 3916 laciniis
1220 3861 1309 3914 totam

226 3955 370 4018 Estherae
393 3957 545 4022 historiam
573 3971 668 4039 potest
692 3958 856 4022 conficercl
899 3955 1013 4019 Deinde
1040 3978 1077 4020 ue
1097 3967 1217 4038 reputat
1238 3958 1308 4038 qui·

227 4061 293 4122 dem
313 4059 486 4142 Michaelis,
508 4072 626 4145 propter
646 4066 735 4128 ladac
757 4063 931 4130 Maccahaei
952 4064 1105 4135 uictoriam
1126 4066 1307 4128 celebratum

227 4162 341 4245 quidem
359 4183 424 4226 esse
445 4164 522 4250 diam
543 4163 687 4230 decimum
710 4167 824 4230 tertium
845 4167 968 4246 Adarin,
989 4189 1045 4248 quo
1066 4169 1167 4231 eodem
1188 4168 1237 4229 die
1259 4169 1307 4229 ln-

124 4325 150 4346 „
172 4260 175 4265 ’
227 4267 291 4327 daei
312 4267 455 4330 Esthcrae
477 4269 589 4330 auxilio
609 4288 629 4333 a
649 4291 761 4336 summo
782 4271 910 4351 periculo
931 4271 1134 4354 cariathaim,
1171 4274 1226 4356 sed
1246 4271 1307 4359 Pu7

225 4367 283 4430 rim
307 4367 416 4433 tastum
443 4370 581 4451 postridie
603 4373 723 4436 ,demum
751 4392 829 4444 esse¹
848 4382 962 4449 actum,
997 4372 1032 4433 id
1053 4376 1130 4452 quod
1160 4393 1195 4434 eo
1218 4371 1304 4436 etiam

226 4461 297 4552 ipso
318 4471 383 4545 loeo
409 4473 446 4560 (2
466 4475 564 4540 Mace.
587 4475 646 4560 15,
668 4475 737 4560 37.)
745 4523 755 4556 ,
794 4495 850 4557 quo
877 4473 997 4538 ille'ad
1024 4455 1192 4556 opinionem
1221 4493 1304 4540 suam
