2774 5014
217 583 282 653 riae
299 592 426 662 ,noemae
451 583 543 668 possit
569 586 786 670 oiroumsmilri,
818 588 893 670 quod
917 603 983 654 ou!
1009 587 1169 672 Persarum
1217 613 1346 678 regu

217 689 338 754 nomina
365 698 394 753 et
417 709 465 752 res
485 699 587 771 gestus
617 692 690 758 satis
710 701 887 757 aoeuratea
909 687 1034 759 Graeois
1056 697 1197 760 maxime
1236 699 1329 772 ,nost

217 789 278 858 sint
298 793 420 874 tradita,
438 813 475 854 ne
491 793 673 859 Alasrerum
695 796 814 878 quidem
834 803 963 858 nostram
984 796 1052 868 huie
1072 819 1180 880 regum
1219 802 1336 866 ordii

217 897 292 961 satis
313 905 390 963 eerto
409 895 500 958 inseri
520 895 608 959 liceat
625 897 698 982 (eir.
715 898 821 965 Oeder.
843 917 875 980 Ρ.
895 899 959 964 114
979 899 1066 986 ets).
1122 902 1214 967 Num
1243 906 1342 976 Jnuer

216 999 337 1064 offensio
357 998 455 1061 instat
498 997 563 1060 Duo
583 997 615 1059 in
633 1001 690 1062 hae
711 1021 744 1063 re
775 1004 851 1070 laeua
880 999 1085 1082 distinguenda
1105 1016 1186 1084 smt;
1212 1017 1215 1023 '
1242 1009 1341 1072 haer

215 1101 336 1166 offensio
357 1102 436 1164 enim
459 1099 511 1161 niti
532 1110 626 1181 potest
645 1103 790 1168 dhasveri
811 1104 1007 1186 ignoratione,
1030 1123 1105 1188 qnae
1124 1107 1188 1171 iude
1217 1111 1333 1174 orie-

215 1215 277 1285 tur,
306 1205 382 1286 quod
402 1200 524 1280 iudicia,
549 1221 623 1285 quaa
645 1206 681 1268 de
701 1206 855 1283 ΑΙιιιιιιιΡ
877 1205 952 1272 libro
973 1218 1073 1270 nostro
1097 1210 1209 1273 tradita
1246 1212 1314 1294 εξ

214 1325 358 1391 nusquam
377 1304 449 1368 alibi
468 1303 663 1376 inveniuntur.
712 1308 747 1372 Si
769 1310 843 1372 hono
870 1311 906 1372 ob
928 1327 1050 1374 eausam
1074 1311 1219 1378 iudicium
1258 1335 1318 1378 mo·

214 1420 306 1476 strum
326 1413 363 1472 de
382 1408 526 1472 Ahusreri
546 1420 673 1492 tempore
695 1431 871 1494 suspensum
895 1419 979 1478 ,esset
1004 1418 1177 1497 tenendum,
1213 1419 1320 1482 mulla

212 1515 281 1578 inde
301 1513 380 1576 iusta
398 1509 527 1592 suspirio
549 1523 647 1593 posset
668 1514 756 1594 oriri,
778 1534 848 1578 uum
871 1518 945 1596 quod
966 1515 1056 1600 vulgo
1076 1521 1112 1581 de
1131 1537 1320 1602 argumen-

163 1627 166 1634 ’
197 1617 252 1682 'tis
268 1635 293 1684 ,u
312 1613 426 1680 silentio
440 1612 543 1696 petitis
564 1635 582 1676 e
604 1615 711 1679 edacis
733 1613 891 1698 iridioutnr,
912 1618 945 1680 iu
962 1620 1040 1684 hano
1059 1642 1173 1704 quoque
1192 1623 1310 1686 dlas-

212 1719 277 1784 veri
296 1717 508 1800 ignorationem
530 1719 655 1782 eederet.
679 1715 756 1782 (lum
776 1721 855 1782 enim
867 1729 997 1802 oonstet,
1020 1723 1174 1786 historiam
1187 1725 1312 1788 Esthe-

168 1845 173 1856 ‘
212 1820 265 1887 rae
285 1824 316 1886 in
336 1841 445 1903 genere
463 1825 585 1902 quodam
607 1825 908 1890 rerum-Persioarum·
922 1827 1053 1908 uersari,
1075 1832 1185 1911 quoda
1200 1830 1310 1894 orso-

159 1963 178 1996 „
213 1926 257 1990 cis
274 1925 404 2014 maxima
425 1923 551 1987 alienum
572 1925 629 2014 sit,
649 1926 718 2009 qnid
737 1927 859 2009 mirum,
879 1928 905 1992 si
921 1929 952 1990 hi
966 1933 1052 1994 ambo
1065 1930 1306 1996 lristori‘aePer-

212 2011 311 2108 sarum
331 2024 388 2086 riui
410 2022 489 2086 nullo
512 2023 574 2086 looo
596 2023 828 2108 eoniungantur,
865 2027 907 2090 ita
926 2037 955 2090 ut
970 2029 1171 2094 Hebraeorum
1197 2034 1304 2096 umbi-

211 2130 310 2213 guitus
333 2134 412 2190 certo
423 2136 462 2214 (ιι
481 2137 618 2188 accuratu
634 2126 812 2203 Graecorum
831 2139 959 2210 tempora
977 2134 1160 2216 computandi
1179 2136 1302 2198 rstioue

143 2298 145 2306 ,
211 2230 352 2297 odaturt
393 2229 497 2308 Longe
518 2248 586 2292 rero
613 2227 693 2290 aliud
717 2238 780 2309 est,
809 2230 836 2294 si
864 2231 930 2314 quis
959 2237 1130 2314 contendat,
1159 2254 1297 2318 eaquae

212 2339 249 2402 de
267 2335 417 2397 Airasrero
438 2331 511 2393 libro
524 2330 665 2392 Estherae
677 2344 847 2414 narrantur,
868 2335 901 2398 in
923 2327 1033 2404 nullum
1051 2358 1153 2400 eorum
1165 2359 1289 2420 regum,

212 2436 320 2522 quiin
347 2434 546 2518 quaestionem
577 2433 682 2496 reuire‘
704 2435 831 2516 possint,
860 2441 1013 2519 quadrare.
1062 2439 1146 2502 llaee
1176 2460 1299 2524 magua,

89 2617 93 2622 .
212 2542 353 2622 quaedam
379 2548 457 2600 esset
483 2533 700 2622 pontroversia,
730 2555 817 2616 quam
845 2536 878 2598 in
898 2533 954 2600 fido
978 2538 1046 2602 libri
1068 2539 1217 2608 liutherus
1238 2545 1290 2606 ds-

211 2644 354 2708 leudeuda
373 2639 453 2702 nullo
475 2640 558 2700 modo
579 2657 732 2718 possemus
752 2638 918 2721 negligere.
945 2641 1082 2704 Attamen
1103 2653 1218 2708 tautum
1237 2650 1288 2712 ala-
1383 2679 1384 2688 ι

212 2757 273 2830 est,
302 2755 333 2808 ut
351 2741 491 2834 eiusmodi
514 2739 709 2804 controversia
728 2743 950 2824 samonensis,
983 2754 1012 2808 ut
1030 2763 1070 2808 ex
1090 2745 1212 2812 iudiciis
1229 2750 1289 2834 qui-

210 2853 333 2914 busdam
352 2849 431 2924 ΙιιιιιιΙ
449 2847 567 2910 incertis
591 2846 782 2909 demonstrari
803 2865 890 2928 posso
907 2791 1102 2931 oolafidanrus,
1125 2850 1194 2934 quis
1215 2853 1289 2934 apud

213 2953 342 3016 Graeoos
364 2951 451 3014 fuerit
471 2951 650 3023 Aliasrerus.

250 3054 351 3122 Si
371 3071 512 3137 magnum
530 3050 710 3116 diversarum
738 3053 772 3114 de
792 3019 946 3116 llasrero
967 3050 1136 3144 opinionum
1163 3053 1289 3122 indicem

211 3113 425 3242 percurrimus,
446 3156 543 3218 audax
566 3173 635 3216 sane
658 3137 770 3218 videtur
792 3155 952 3232 sententia,
974 3175 1061 3235 quam
1079 3158 1164 3218 modo
1190 3161 1289 3242 posui-¹

212 3283 295 3341 mus,
327 3258 437 3334 atenim
465 3261 500 3320 de
521 3251 698 3337 ΑΙιιιιιιιο,
731 3270 806 3320 reete
836 3257 930 3342 iuquit
957 3255 1119 3337 Cellarius,
1153 3271 1194 3322 tot
1224 3262 1285 3326 lere

211 3373 280 3426 suut
295 3359 463 3424 'sententiae
489 3367 555 3438 quot
582 3358 738 3420 Persarum
767 3378 852 3440 reges
882 3367 932 3420 ant
959 3357 1055 3440 plures
1084 3359 1183 3426 etiarn.
1226 3363 1279 3426 Sed
1384 3389 1385 3426 ι

139 3448 143 3456 l
211 3466 340 3546 plerique
360 3463 533 3540 interpretes
554 3473 584 3521 et
601 3459 694 3521 critiri
714 3460 746 3520 iu
769 3461 825 3522 heo
847 3479 877 3522 re
899 3460 1056 3540 iudiopuda
1069 3456 1191 3543 optant,
1219 3473 1272 3520 nou

213 3573 423 3646 demonstrant,
443 3563 507 3626 alii
527 3562 602 3626 alins
630 3561 828 3626 similitudinis
849 3564 966 3645 urnbras
989 3573 1107 3641 captant
1124 3583 1225 3646 easque
1243 3564 1279 3626 ad
1384 3549 1385 3570 ¹

214 3671 348 3732 iudicium
372 3672 408 3736 de
429 3669 579 3730 duasvero
600 3662 812 3728 informandum
830 3666 971 3727 facillimo
992 3665 1108 3746 negotio
1132 3668 1282 3748 coliigunt,
1382 3667 1383 3747 j

215 3792 296 3867 quoe
310 3791 378 3834 vero
404 3771 435 3832 iu
459 3771 632 3832 contrariam
660 3779 780 3870 partem
792 3769 891 3831 afferri
927 3767 1054 3849 possint,
1091 3790 1149 3832 uon
1176 3779 1286 3841 curant.
1382 3761 1383 3780 ¹

188 3914 191 3922 ι
215 3845 312 3952 Quar'e
334 3893 392 3934 uon
414 3892 486 3954 opus
515 3883 559 3933 est
587 3872 664 3934 hane
695 3880 784 3931 totam
812 3867 982 3948 opinionum
1005 3867 1111 3932 silvam
1132 3869 1287 3952 diligenter

46 4004 51 4018 ι
157 4011 161 4016 -
215 3977 407 4059 perlustrare,
429 3977 479 4038 sed
499 3973 594 4052 locos,
618 3974 667 4035 ulri
687 3991 738 4035 eas
760 3972 1020 4052 invenirepossis,
1042 3982 1286 4034 commonstrasse

214 4079 355 4158 sufficiat,
378 4077 591 4156 odeasigitur,
612 4077 748 4156 silibet,
776 4073 1118 4161 SeruariiGommeotar.
1142 4098 1171 4156 p.
1193 4078 1286 4156 292„

216 4184 344 4246 Bouortii
360 4182 519 4244 Comment.
535 4200 566 4259 Ρ.
580 4181 629 4258 8,
650 4178 889 4242 PleifferiDulh.
908 4186 1066 4258 rexattp.
1080 4179 1173 4256 483„
1194 4178 1285 4244 uam-

216 4276 311 4348 taedii
344 4283 442 4348 Prael-
470 4301 501 4363 Ρ
522 4284 701 4361 totana,
736 4279 890 4362 Carpaouii
926 4277 1033 4374 lutrod.
1072 4302 1102 4362 Ρ.
1122 4281 1194 4346 346
1212 4287 1283 4360 eto,

215 4389 322 4455 Buddei
350 4386 491 4454 Histll.
519 4385 560 4454 ’.Γ
587 4371 637 4452 ll.
651 4406 681 4466 Ρ.
701 4385 766 4453 948
787 4394 862 4466 eto,
896 4385 967 4450 lusti
985 4385 1281 4494 oomueutatiouem·
