2874 5016
684 483 800 576 Ar,
899 469 940 580 Ι,

242 675 303 755 ιιι,
330 691 404 757 quae
423 667 557 734 fiduciam
579 675 709 738 nostram
731 667 958 761 testimoniorum
983 666 1093 750 dirigat
1112 671 1221 759 atque
1218 666 1322 730 mode
1356 756 1361 764 Ι

241 787 333 870 retur,
354 777 405 839 sed
425 772 556 843 intimam
574 771 638 836 eius
658 772 718 836 vim
738 771 857 834 minime
875 771 968 854 possit
990 787 1141 833 enervare.
1185 767 1244 856 Qui
1264 787 1321 828 au·

222 892 302 946 tem
327 878 418 943 nimia
447 877 510 940 sui
522 874 698 940 confidentia
722 875 854 955 effertur,
880 882 912 936 nt
933 871 1006 935 nihil
1033 875 1071 939 ob
1093 869 1162 932 aliis
1184 869 1321 932 traditum

242 1006 279 1048 ac
298 990 471 1081 narratum,
495 977 557 1044 nisi
560 975 680 1069 qued
665 998 734 1068 rpse
760 978 874 1062 penitus
894 976 1154 1066 comprehendere
1160 981 1189 1034 ct
1210 993 1251 1034 ex
1271 973 1321 1034 in-

243 1073 403 1168 telligentia
424 1103 478 1148 sua
499 1083 604 1144 ducere
623 1081 726 1164 possit,
743 1079 875 1162 accipere
895 1078 977 1170 ιιιιι,
999 1077 1085 1152 facile
1102 1075 1219 1138 criticae
1239 1075 1320 1140 illius

137 1180 140 1190 ’
242 1186 400 1253 modestiae
421 1183 560 1250 terminos
582 1184 730 1265 egreditur
750 1190 778 1246 et
799 1183 873 1262 tales
893 1181 1038 1246 constituit
1052 1161 1172 1262 regulas
1192 1177 1321 1263 criticas,

153 1327 157 1356 ·.
242 1293 346 1378 quihus
376 1269 460 1352 multi
488 1285 627 1351 historiae
651 1285 710 1350 loci
735 1284 878 1351 immerito
911 1286 943 1347 in
963 1283 1157 1366 suspicionem
1183 1291 1322 1371 recenter

244 1403 275 1457 et
295 1391 328 1454 in
345 1365 509 1474 lahqlarnm
531 1386 750 1452 contemtionem
769 1385 968 1448 detrudantur.
1008 1383 1048 1446 m
1067 1381 1172 1464 negari
1185 1400 1243 1443 non
1258 1390 1321 1462 pot-

125 1496 132 1515 '
243 1498 307 1572 est,
328 1489 433 1552 multos
451 1486 658 1552 recentioribus
680 1480 855 1567 temporibus
876 1484 909 1546 in
928 1485 1007 1547 huno
1026 1502 1152 1548 errorem
1171 1481 1319 1546 incidisse.
1356 1521 1358 1526 ,

185 1659 190 1669 .
240 1592 322 1656 (lum
342 1599 439 1652 autem
459 1589 533 1670 hacc
554 1587 781 1652 testimoniorum
803 1585 954 1648 contemtio
974 1584 1006 1647 in
1024 1585 1133 1667 literis,
1157 1605 1228 1667 qnae
1248 1605 1315 1664 pro-

170 1687 172 1694 ’
244 1681 332 1758 ianae
353 1676 503 1772 dicuntur,
530 1709 604 1754 mex
625 1691 663 1752 ad
687 1687 825 1752 iudicium
847 1706 952 1750 senum
974 1695 1002 1750 et
1022 1690 1178 1779 subactum
1195 1683 1315 1749 reducta
1377 1731 1381 1742 .

244 1797 301 1877 sit,
318 1796 351 1858 in
372 1795 472 1859 critica
492 1812 642 1892 sacrorum
663 1793 805 1876 librorum
826 1794 996 1857 tractatione
1016 1804 1076 1857 tam
1095 1767 1228 1868 altasyr
1176 1793 1251 1874 egit
1269 1810 1322 1858 na·

185 1965 187 1970 ,
246 1900 344 1984 dices,
364 1907 396 1959 ιιι
416 1897 541 1960 ulrum
531 1916 593 1961 uam
613 1877 769 1979 temperari
789 1905 890 1976 coepta
903 1895 1009 1958 sitnec
1021 1917 1059 1960 ne
1079 1895 1179 1958 dici
1151 1917 1204 1960 vix
1218 1894 1322 1978 possit.

320 1999 506 2082 Postquam
524 1998 627 2062 haee
617 2020 650 2062 m
670 1999 837 2064 universum
860 1998 1024 2062 monuimus
1043 1999 1184 2098 propius
1183 2001 1220 2062 ad
1233 2019 1323 2079 quae-

246 2101 388 2179 ationem,
414 2119 501 2180 quam
523 2099 578 2161 hec
596 2083 699 2162 libello
717 2101 898 2162 tractandam
926 2099 1029 2174 notris
1026 2099 1205 2180 sumsimus,
1235 2121 1325 2162 acce-

247 2205 316 2266 dere
325 2219 498 2286 possumus.
546 2198 663 2262 Etenim
684 2203 769 2262 deute
791 2199 842 2260 illo
860 2198 976 2278 critico,
1004 2200 1039 2260 de
1062 2217 1118 2280 quo
1145 2198 1255 2282 loquuti
1271 2221 1325 2261 su

248 2297 332 2389 mtis,
354 2312 420 2366 ιιιιιι
438 2301 520 2364 multi
541 2300 650 2368 altit.
672 2301 713 2387 Τ.
732 2301 818 2382 libri,
841 2313 901 2364 tum
919 2301 1075 2364 auctoritas
1096 2300 1164 2366 libri
1179 2303 1324 2367 Estlrcrae

247 2407 389 2473 historica
415 2424 519 2469 arrosa
547 2414 602 2471 est.
663 2381 778 2468 Primus
804 2404 942 2469 historiae
968 2405 1109 2468 Estheree
1136 2404 1324 2468 adversarius

160 2511 164 2528 ‘
250 2507 366 2571 exstitit
385 2505 533 2586 Oeneius,
540 2503 647 2588 *lqui
665 2504 801 2586 scripsit:
799 2497 923 2568 Frer'e
940 2502 1227 2585 Uetersuchnrrgec
1247 2499 1325 2568 nider

248 2609 313 2674 dno
335 2609 461 2672 Καιιοιι
479 2607 535 2702 des
556 2609 606 2673 A.
629 2595 689 2692 Τ.;
704 2609 769 2672 vir
787 2598 920 2690 doctrina
942 2629 1000 2670 non
1020 2605 1160 2671 mediocri
1182 2617 1211 2670 ct
1229 2626 1325 2689 saga-

250 2714 337 2780 citate
363 2712 522 2795 praeditus.
572 2659 707 2776 Maxinia
734 2713 850 2794 quidem
877 2711 1055 2794 quaestionis
1091 2713 1152 2790 cios
1185 2715 1220 2773 de
1249 2711 1325 2772 lihro

232 2811 398 2880 'Estheroe'
424 2837 494 2900 pars
523 2825 635 2900 spectet
658 2817 695 2878 ad
722 2815 937 2896 auctoritatem,
974 2837 1048 2896 qnae
1076 2816 1180 2878 dieitur
1202 2815 1325 2877 canoni-

251 2940 303 2998 ea,
324 2929 353 2981 ιι
372 2930 502 2983 versatur
522 2919 554 2980 in
577 2917 749 2982 testimoniis
768 2919 888 2982 Patrem
909 2918 1085 2982 Graecorum
1103 2921 1139 2978 de
1160 2919 1215 2978 hnc
1231 2917 1267 2982 tt.
1284 2918 1325 2980 Τ.

180 3071 184 3081 .
251 3021 396 3105 particula
423 3023 636 3088 examinandis.
683 3023 839 3118 Postquam
865 3024 942 3084 hunc
959 3022 1053 3083 locum
1078 3019 1172 3084 fusius
1192 3013 1327 3083 tractavit

136 3115 140 3120 ’
179 3167 181 3175 ,
252 3133 282 3187 ιι
307 3122 445 3203 vulgares
473 3124 584 3204 passim
612 3121 763 3204 opiniones
800 3123 988 3204 corrigendas
1017 3141 1083 3184 esse
1110 3121 1326 3198 demonstrauit,

251 3236 314 3290 tum
334 3229 448 3288 demum
469 3228 506 3288 ad
527 3226 649 3289 alteram
668 3235 769 3305 traosg
750 3226 879 3288 creditur
899 3233 1026 3304 partem,
1056 3243 1111 3305 qua
1133 3224 1165 3285 in
1184 3223 1325 3317 historiae

251 3329 347 3410 ipsius
369 3330 521 3392 veritatem
547 3330 575 3390 et
600 3309 829 3410 pr'nhehllitatem
856 3327 985 3409 inquirit.
1040 3327 1227 3388 Attamen
1202 3349 1229 3391 st
1256 3325 1325 3389 lihri

215 3478 217 3482 .
252 3431 378 3494 alicuius
398 3431 477 3493 sacri
498 3429 570 3493 fides
592 3431 729 3494 historica
754 3431 954 3508 addubitem,
990 3439 1056 3492 ante
1074 3430 1171 3492 omnia
1192 3429 1256 3512 ipsa
1275 3429 1326 3490 hi-

253 3535 360 3598 storica
378 3535 445 3596 libri
467 3534 551 3596 huius
574 3533 685 3597 indoles
706 3533 899 3599 examinanda
921 3544 982 3616 est,
1005 3554 1072 3595 mam
1093 3533 1150 3595 nisi
1168 3553 1254 3596 verus
1268 3530 1322 3606 est,

253 3657 337 3698 sacer
364 3657 429 3699 csse
455 3657 514 3699 nom
542 3645 645 3719 petest.
693 3637 792 3714 Quare
821 3636 988 3699 testimonia
1018 3636 1071 3697 illa
1094 3635 1273 3698 Graecorum
1295 3629 1339 3692 et¹

254 3739 481 3824 totemomnino
508 3741 544 3802 de
565 3739 734 3803 auctoritate
762 3738 830 3801 lihri
852 3721 1001 3800 canoniea
1021 3739 1214 3819 quaestionem
1235 3735 1328 3799 relin-

255 3859 393 3921 quamus,
412 3850 440 3902 et
459 3843 515 3904 hoe
533 3843 628 3905 solem
650 3841 734 3906 nobis
757 3843 951 3924 quaerendum
972 3861 1140 3920 sumemus,
1161 3850 1257 3902 utrum
1276 3837 1328 3900 hi-

254 3944 362 4024 storia,
383 3943 456 4026 qnae
478 3931 515 4006 de
534 3943 660 4010 Esthera
681 3947 834 4028 narratur,
853 3939 925 4026 rere
943 3945 982 4010 sit
1002 3964 1042 4009 en
1062 3943 1149 4006 false.
1191 3939 1231 4001 Et
1249 3939 1328 4002 hamc

252 4061 560 4076 Μ

359 4121 407 4186 *l
417 4125 494 4180 Quae
520 4128 583 4178 ante
600 4124 734 4180 Oedernm
760 4133 852 4182 eonem
873 4128 969 4184 librum
987 4125 1116 4178 Estherae
1142 4125 1247 4190 prolata
1265 4125 1328 4176 sunt
1431 4175 1432 4190 q

256 4209 296 4274 (ι.
314 4210 424 4266 Bonart.
443 4211 546 4264 Comm.
563 4229 591 4280 p.
599 4216 694 4285 Ssqq.
714 4214 808 4267 Hoetii
826 4217 939 4267 Demon.
958 4213 1060 4275 Evang.
1081 4229 1108 4279 p.
1125 4214 1184 4264 223.
1203 4211 1263 4284 225.
1282 4207 1328 4262 ed.
1431 4255 1432 4272 q

171 4305 175 4320 ¹
256 4291 365 4347 Fratres.
383 4296 461 4348 1722.
480 4294 578 4362 Carpe.
594 4275 695 4351 lmtrod.
713 4313 742 4363 p.
760 4298 820 4348 352.
839 4296 925 4348 Bndd.
942 4295 1014 4348 Hist.
1033 4293 1066 4346 V.
1088 4294 1122 4346 Τ.
1144 4293 1181 4346 1t.
1202 4308 1229 4360 p.
1249 4291 1326 4356 946.)

256 4375 399 4428 admodum
413 4377 483 4432 leuia
500 4393 531 4431 ac
548 4393 616 4458 vaga
633 4383 725 4445 erent,
756 4394 842 4446 neque
866 4380 900 4431 ad
919 4377 1072 4432 universum
1096 4378 1214 4436 virorum
1231 4377 1326 4432 doom-

255 4458 315 4512 ru'm
332 4445 366 4516 de
382 4461 433 4536 hoe
446 4461 515 4516 libro
530 4442 659 4516 iudicium
680 4459 824 4530 quidquam
842 4463 973 4550 valebant.
