<?xml version="1.0" encoding="UTF-8"?>
<!DOCTYPE html PUBLIC "-//W3C//DTD XHTML 1.0 Transitional//EN"
    "http://www.w3.org/TR/xhtml1/DTD/xhtml1-transitional.dtd">
<html xmlns="http://www.w3.org/1999/xhtml" xml:lang="en" lang="en">
 <head>
  <title>
</title>
<meta http-equiv="Content-Type" content="text/html;charset=utf-8" />
  <meta name='ocr-system' content='tesseract 3.04.00' />
  <meta name='ocr-capabilities' content='ocr_page ocr_carea ocr_par ocr_line ocrx_word'/>
</head>
<body>
  <div class='ocr_page' id='page_1' title='image "./defidelibriesth00baumgoog_0064.png"; bbox 0 0 2874 5016; ppageno 0'>
   <div class='ocr_carea' id='block_1_1' title="bbox 20 698 1385 4649">
    <p class='ocr_par' dir='ltr' id='par_1_1' title="bbox 36 698 1385 2224">
     <span class='ocr_line' id='line_1_1' title="bbox 37 698 1140 788; baseline 0.001 -26"><span class='ocrx_word' id='word_1_1' title='bbox 37 719 157 766; x_wconf 87' lang='lat' dir='ltr'><strong>eorum</strong></span> <span class='ocrx_word' id='word_1_2' title='bbox 182 703 387 781; x_wconf 74' lang='lat' dir='ltr'><strong>argumentum</strong></span> <span class='ocrx_word' id='word_1_3' title='bbox 410 698 584 782; x_wconf 69' lang='lat' dir='ltr'><strong>exponitur,</strong></span> <span class='ocrx_word' id='word_1_4' title='bbox 618 703 719 764; x_wconf 86' lang='lat' dir='ltr'><strong>eodem</strong></span> <span class='ocrx_word' id='word_1_5' title='bbox 743 702 826 764; x_wconf 88' lang='lat' dir='ltr'><strong>modo</strong></span> <span class='ocrx_word' id='word_1_6' title='bbox 847 703 884 766; x_wconf 90' lang='lat' dir='ltr'><strong>de</strong></span> <span class='ocrx_word' id='word_1_7' title='bbox 904 704 1034 788; x_wconf 80' lang='lat' dir='ltr'><strong>epistolia</strong></span> <span class='ocrx_word' id='word_1_8' title='bbox 1053 707 1140 773; x_wconf 83' lang='lat' dir='ltr'><strong>Mor.</strong></span> 
     </span>
     <span class='ocr_line' id='line_1_2' title="bbox 37 801 1139 894; baseline 0.006 -28"><span class='ocrx_word' id='word_1_9' title='bbox 37 805 179 868; x_wconf 82' lang='lat' dir='ltr'><strong>dechaei</strong></span> <span class='ocrx_word' id='word_1_10' title='bbox 204 811 233 865; x_wconf 90' lang='lat' dir='ltr'><strong>et</strong></span> <span class='ocrx_word' id='word_1_11' title='bbox 251 801 393 864; x_wconf 85' lang='lat' dir='ltr'><strong>Esthcree</strong></span> <span class='ocrx_word' id='word_1_12' title='bbox 415 801 489 864; x_wconf 84' lang='lat' dir='ltr'><strong>nihii</strong></span> <span class='ocrx_word' id='word_1_13' title='bbox 512 811 627 884; x_wconf 86' lang='lat' dir='ltr'><strong>praeter</strong></span> <span class='ocrx_word' id='word_1_14' title='bbox 648 803 821 866; x_wconf 61' lang='lat' dir='ltr'><strong>senentiam</strong></span> <span class='ocrx_word' id='word_1_15' title='bbox 843 804 1008 872; x_wconf 84' lang='lat' dir='ltr'><strong>nniversam</strong></span> <span class='ocrx_word' id='word_1_16' title='bbox 1034 831 1139 894; x_wconf 82' lang='lat' dir='ltr'><strong>prepo-</strong></span> 
     </span>
     <span class='ocr_line' id='line_1_3' title="bbox 36 902 1249 988; baseline 0.01 -21"><span class='ocrx_word' id='word_1_17' title='bbox 36 905 133 970; x_wconf 80' lang='lat' dir='ltr'><strong>nitur</strong></span> <span class='ocrx_word' id='word_1_18' title='bbox 166 905 222 988; x_wconf 87' lang='lat'><strong>(9,</strong></span> <span class='ocrx_word' id='word_1_19' title='bbox 245 906 355 970; x_wconf 80' lang='lat' dir='ltr'><strong>20etc.</strong></span> <span class='ocrx_word' id='word_1_20' title='bbox 383 905 427 972; x_wconf 85' lang='lat'><strong>30</strong></span> <span class='ocrx_word' id='word_1_21' title='bbox 443 903 528 987; x_wconf 79' lang='lat' dir='ltr'><strong>ete).</strong></span> <span class='ocrx_word' id='word_1_22' title='bbox 576 902 643 968; x_wconf 86' lang='lat' dir='ltr'><strong>Hoc</strong></span> <span class='ocrx_word' id='word_1_23' title='bbox 667 903 731 966; x_wconf 86' lang='lat' dir='ltr'><strong>loco</strong></span> <span class='ocrx_word' id='word_1_24' title='bbox 751 904 908 986; x_wconf 81' lang='lat' dir='ltr'><strong>plurimum</strong></span> <span class='ocrx_word' id='word_1_25' title='bbox 930 908 1001 972; x_wconf 81' lang='lat' dir='ltr'><strong>iacit</strong></span> <span class='ocrx_word' id='word_1_26' title='bbox 1018 913 1054 974; x_wconf 86' lang='lat' dir='ltr'><strong>ad</strong></span> <span class='ocrx_word' id='word_1_27' title='bbox 1075 933 1137 976; x_wconf 90' lang='lat' dir='ltr'><strong>rem</strong></span> <span class='ocrx_word' id='word_1_28' title='bbox 1247 969 1249 978; x_wconf 87' lang='grc'><em>,</em></span> 
     </span>
     <span class='ocr_line' id='line_1_4' title="bbox 42 1009 1188 1104; baseline 0.005 -30"><span class='ocrx_word' id='word_1_29' title='bbox 42 1021 208 1104; x_wconf 84' lang='lat' dir='ltr'><strong>nostram,</strong></span> <span class='ocrx_word' id='word_1_30' title='bbox 245 1013 319 1091; x_wconf 85' lang='lat' dir='ltr'><strong>quod</strong></span> <span class='ocrx_word' id='word_1_31' title='bbox 353 1011 545 1090; x_wconf 77' lang='lat' dir='ltr'><strong>appendicem</strong></span> <span class='ocrx_word' id='word_1_32' title='bbox 579 1009 647 1071; x_wconf 83' lang='lat' dir='ltr'>libri</span> <span class='ocrx_word' id='word_1_33' title='bbox 679 1011 771 1073; x_wconf 87' lang='lat' dir='ltr'><strong>uestri</strong></span> <span class='ocrx_word' id='word_1_34' title='bbox 799 1009 942 1094; x_wconf 80' lang='lat' dir='ltr'><strong>Graecam</strong></span> <span class='ocrx_word' id='word_1_35' title='bbox 964 1017 1137 1096; x_wconf 81' lang='lat' dir='ltr'><strong>&#39;comparare</strong></span> <span class='ocrx_word' id='word_1_36' title='bbox 1186 1075 1188 1080; x_wconf 83' lang='lat'><em>.</em></span> 
     </span>
     <span class='ocr_line' id='line_1_5' title="bbox 42 1109 1137 1200; baseline 0.005 -23"><span class='ocrx_word' id='word_1_37' title='bbox 42 1125 227 1198; x_wconf 76' lang='lat' dir='ltr'><strong>possumus.</strong></span> <span class='ocrx_word' id='word_1_38' title='bbox 277 1109 391 1172; x_wconf 85' lang='lat' dir='ltr'><strong>Horum</strong></span> <span class='ocrx_word' id='word_1_39' title='bbox 420 1109 677 1174; x_wconf 87' lang='lat' dir='ltr'><strong>additamentoruru</strong></span> <span class='ocrx_word' id='word_1_40' title='bbox 706 1111 859 1192; x_wconf 79' lang='lat' dir='ltr'><strong>ingenium</strong></span> <span class='ocrx_word' id='word_1_41' title='bbox 878 1113 1073 1200; x_wconf 69' lang='lat' dir='ltr'><strong>Hieronymus</strong></span> <span class='ocrx_word' id='word_1_42' title='bbox 1094 1118 1137 1182; x_wconf 88' lang='lat' dir='ltr'><strong>ita</strong></span> 
     </span>
     <span class='ocr_line' id='line_1_6' title="bbox 41 1209 1140 1286; baseline 0.002 -4"><span class='ocrx_word' id='word_1_43' title='bbox 41 1218 213 1282; x_wconf 77' lang='lat' dir='ltr'><strong>describit:</strong></span> <span class='ocrx_word' id='word_1_44' title='bbox 247 1214 354 1278; x_wconf 87' lang='lat' dir='ltr'><strong>librum</strong></span> <span class='ocrx_word' id='word_1_45' title='bbox 373 1211 481 1276; x_wconf 82' lang='lat' dir='ltr'><strong>Esther</strong></span> <span class='ocrx_word' id='word_1_46' title='bbox 507 1213 598 1277; x_wconf 83' lang='lat' dir='ltr'><strong>variis</strong></span> <span class='ocrx_word' id='word_1_47' title='bbox 621 1213 843 1280; x_wconf 74' lang='lat' dir='ltr'><strong>translatoribus</strong></span> <span class='ocrx_word' id='word_1_48' title='bbox 871 1227 984 1284; x_wconf 63' lang='lat' dir='ltr'><strong>censat</strong></span> <span class='ocrx_word' id='word_1_49' title='bbox 1005 1239 1071 1284; x_wconf 87' lang='lat' dir='ltr'><strong>esse</strong></span> <span class='ocrx_word' id='word_1_50' title='bbox 1088 1209 1140 1286; x_wconf 78' lang='lat' dir='ltr'><strong>si·-¹</strong></span> 
     </span>
     <span class='ocr_line' id='line_1_7' title="bbox 43 1315 1263 1402; baseline -0.001 -17"><span class='ocrx_word' id='word_1_51' title='bbox 43 1323 177 1400; x_wconf 83' lang='lat' dir='ltr'><strong>tiatnrn,</strong></span> <span class='ocrx_word' id='word_1_52' title='bbox 211 1330 297 1399; x_wconf 84' lang='lat' dir='ltr'><strong>quern</strong></span> <span class='ocrx_word' id='word_1_53' title='bbox 319 1331 375 1398; x_wconf 79' lang='lat' dir='ltr'><strong>ego</strong></span> <span class='ocrx_word' id='word_1_54' title='bbox 396 1319 431 1379; x_wconf 91' lang='lat' dir='ltr'><strong>de</strong></span> <span class='ocrx_word' id='word_1_55' title='bbox 450 1316 576 1379; x_wconf 82' lang='lat' dir='ltr'><strong>archivis</strong></span> <span class='ocrx_word' id='word_1_56' title='bbox 602 1315 800 1402; x_wconf 78' lang='lat' dir='ltr'><strong>Hebraeorum</strong></span> <span class='ocrx_word' id='word_1_57' title='bbox 821 1319 955 1386; x_wconf 80' lang='lat' dir='ltr'><strong>revelans</strong></span> <span class='ocrx_word' id='word_1_58' title='bbox 977 1324 1136 1389; x_wconf 82' lang='lat' dir='ltr'><strong>ver&#39;hnrne</strong></span> <span class='ocrx_word' id='word_1_59' title='bbox 1261 1378 1263 1384; x_wconf 28' lang='lat' dir='ltr'><strong><em>s</em></strong></span> 
     </span>
     <span class='ocr_line' id='line_1_8' title="bbox 44 1399 1385 1506; baseline 0.003 -21"><span class='ocrx_word' id='word_1_60' title='bbox 44 1425 146 1486; x_wconf 82' lang='lat' dir='ltr'><strong>verbo</strong></span> <span class='ocrx_word' id='word_1_61' title='bbox 171 1418 343 1502; x_wconf 74' lang='lat' dir='ltr'><strong>expressius</strong></span> <span class='ocrx_word' id='word_1_62' title='bbox 363 1417 506 1483; x_wconf 81' lang='lat' dir='ltr'><strong>transtuli.</strong></span> <span class='ocrx_word' id='word_1_63' title='bbox 549 1411 640 1498; x_wconf 77' lang='lat' dir='ltr'><strong>Quen</strong></span> <span class='ocrx_word' id='word_1_64' title='bbox 662 1419 876 1498; x_wconf 80' lang='lat' dir='ltr'><strong>librnmeditio</strong></span> <span class='ocrx_word' id='word_1_65' title='bbox 897 1422 1034 1506; x_wconf 75' lang='lat' dir='ltr'><strong>vulgata,</strong></span> <span class='ocrx_word' id='word_1_66' title='bbox 1060 1411 1141 1490; x_wconf 51' lang='lat' dir='ltr'><strong>tunt?</strong></span> <span class='ocrx_word' id='word_1_67' title='bbox 1373 1399 1385 1410; x_wconf 48' lang='grc'><em>“</em></span> 
     </span>
     <span class='ocr_line' id='line_1_9' title="bbox 47 1521 1135 1610; baseline 0.005 -22"><span class='ocrx_word' id='word_1_68' title='bbox 47 1524 151 1588; x_wconf 86' lang='lat' dir='ltr'><strong>nibsis</strong></span> <span class='ocrx_word' id='word_1_69' title='bbox 174 1522 246 1586; x_wconf 89' lang='lat' dir='ltr'><strong>hino</strong></span> <span class='ocrx_word' id='word_1_70' title='bbox 265 1521 331 1583; x_wconf 85' lang='lat' dir='ltr'><strong>inde</strong></span> <span class='ocrx_word' id='word_1_71' title='bbox 352 1523 504 1584; x_wconf 79' lang='lat' dir='ltr'><strong>verberum</strong></span> <span class='ocrx_word' id='word_1_72' title='bbox 530 1521 642 1586; x_wconf 84' lang='lat' dir='ltr'><strong>sinibus</strong></span> <span class='ocrx_word' id='word_1_73' title='bbox 668 1523 771 1606; x_wconf 87' lang='lat' dir='ltr'><strong>trahit,</strong></span> <span class='ocrx_word' id='word_1_74' title='bbox 811 1525 922 1590; x_wconf 85' lang='lat' dir='ltr'><strong>addens</strong></span> <span class='ocrx_word' id='word_1_75' title='bbox 943 1544 980 1591; x_wconf 86' lang='lat' dir='ltr'><strong>ea</strong></span> <span class='ocrx_word' id='word_1_76' title='bbox 1001 1548 1075 1610; x_wconf 87' lang='lat' dir='ltr'><strong>quae</strong></span> <span class='ocrx_word' id='word_1_77' title='bbox 1096 1549 1135 1594; x_wconf 82' lang='lat' dir='ltr'><strong>ert</strong></span> 
     </span>
     <span class='ocr_line' id='line_1_10' title="bbox 48 1621 1134 1710; baseline 0.002 -20"><span class='ocrx_word' id='word_1_78' title='bbox 48 1637 185 1708; x_wconf 86' lang='lat' dir='ltr'><strong>ternpore</strong></span> <span class='ocrx_word' id='word_1_79' title='bbox 207 1621 264 1692; x_wconf 88' lang='lat' dir='ltr'><strong>dici</strong></span> <span class='ocrx_word' id='word_1_80' title='bbox 282 1632 430 1704; x_wconf 86' lang='lat' dir='ltr'><strong>poteraut,</strong></span> <span class='ocrx_word' id='word_1_81' title='bbox 451 1630 481 1684; x_wconf 92' lang='lat' dir='ltr'><strong>et</strong></span> <span class='ocrx_word' id='word_1_82' title='bbox 503 1622 866 1710; x_wconf 66' lang='lat' dir='ltr'><strong>audiri3&#39;1siout&#39;seiitr1&#39;ru</strong></span> <span class='ocrx_word' id='word_1_83' title='bbox 888 1633 932 1688; x_wconf 87' lang='lat' dir='ltr'><strong>est</strong></span> <span class='ocrx_word' id='word_1_84' title='bbox 952 1627 1134 1694; x_wconf 76' lang='lat' dir='ltr'><strong>scholaribus</strong></span> 
     </span>
     <span class='ocr_line' id='line_1_11' title="bbox 49 1726 1240 1814; baseline 0.005 -22"><span class='ocrx_word' id='word_1_85' title='bbox 49 1727 242 1814; x_wconf 83' lang='lat' dir='ltr'><strong>disciplinis,</strong></span> <span class='ocrx_word' id='word_1_86' title='bbox 268 1733 362 1790; x_wconf 88' lang='lat' dir='ltr'><strong>sumto</strong></span> <span class='ocrx_word' id='word_1_87' title='bbox 379 1726 537 1808; x_wconf 79' lang='lat' dir='ltr'><strong>themate,</strong></span> <span class='ocrx_word' id='word_1_88' title='bbox 567 1727 737 1809; x_wconf 80' lang='lat' dir='ltr'><strong>excogitare</strong></span> <span class='ocrx_word' id='word_1_89' title='bbox 764 1727 869 1812; x_wconf 79' lang='lat' dir='ltr'><strong>quibus</strong></span> <span class='ocrx_word' id='word_1_90' title='bbox 894 1731 993 1796; x_wconf 85' lang='lat' dir='ltr'><strong>verbis</strong></span> <span class='ocrx_word' id='word_1_91' title='bbox 1019 1731 1062 1796; x_wconf 88' lang='lat' dir='ltr'><strong>uti</strong></span> <span class='ocrx_word' id='word_1_92' title='bbox 1078 1751 1134 1814; x_wconf 84' lang='lat' dir='ltr'><strong>pe-</strong></span> <span class='ocrx_word' id='word_1_93' title='bbox 1236 1789 1240 1798; x_wconf 92' lang='lat'>.</span> 
     </span>
     <span class='ocr_line' id='line_1_12' title="bbox 48 1819 1134 1913; baseline 0.006 -19"><span class='ocrx_word' id='word_1_94' title='bbox 48 1831 125 1912; x_wconf 89' lang='lat' dir='ltr'><strong>tuit,</strong></span> <span class='ocrx_word' id='word_1_95' title='bbox 148 1830 201 1913; x_wconf 87' lang='lat' dir='ltr'><strong>qui</strong></span> <span class='ocrx_word' id='word_1_96' title='bbox 221 1829 360 1894; x_wconf 87' lang='lat' dir='ltr'><strong>iniuriam</strong></span> <span class='ocrx_word' id='word_1_97' title='bbox 381 1819 487 1908; x_wconf 81' lang='lat' dir='ltr'><strong>passus</strong></span> <span class='ocrx_word' id='word_1_98' title='bbox 509 1837 572 1909; x_wconf 90' lang='lat' dir='ltr'><strong>cst,</strong></span> <span class='ocrx_word' id='word_1_99' title='bbox 600 1827 649 1894; x_wconf 82' lang='lat' dir='ltr'><strong>vel</strong></span> <span class='ocrx_word' id='word_1_100' title='bbox 669 1827 720 1911; x_wconf 87' lang='lat' dir='ltr'><strong>qui</strong></span> <span class='ocrx_word' id='word_1_101' title='bbox 740 1829 878 1894; x_wconf 82' lang='lat' dir='ltr'><strong>iniuiiam</strong></span> <span class='ocrx_word' id='word_1_102' title='bbox 898 1830 977 1899; x_wconf 81' lang='lat' dir='ltr'><strong>fecit</strong></span> <span class='ocrx_word' id='word_1_103' title='bbox 1033 1835 1073 1899; x_wconf 84' lang='lat' dir='ltr'><strong>Et</strong></span> <span class='ocrx_word' id='word_1_104' title='bbox 1090 1834 1134 1901; x_wconf 80' lang='lat' dir='ltr'><strong>itu</strong></span> 
     </span>
     <span class='ocr_line' id='line_1_13' title="bbox 50 1919 1331 2018; baseline 0.002 -20"><span class='ocrx_word' id='word_1_105' title='bbox 50 1942 208 2013; x_wconf 75' lang='lat' dir='ltr'><strong>recesst,</strong></span> <span class='ocrx_word' id='word_1_106' title='bbox 237 1940 268 1994; x_wconf 91' lang='lat' dir='ltr'><strong>ut</strong></span> <span class='ocrx_word' id='word_1_107' title='bbox 291 1931 399 1996; x_wconf 87' lang='lat' dir='ltr'><strong>iudicat</strong></span> <span class='ocrx_word' id='word_1_108' title='bbox 419 1919 631 2014; x_wconf 69' lang='lat' dir='ltr'><strong>Hieronymus,</strong></span> <span class='ocrx_word' id='word_1_109' title='bbox 659 1932 900 2008; x_wconf 69' lang='lat' dir='ltr'><strong>efferamurdue</strong></span> <span class='ocrx_word' id='word_1_110' title='bbox 927 1936 1021 2002; x_wconf 80' lang='lat' dir='ltr'><strong>edicta</strong></span> <span class='ocrx_word' id='word_1_111' title='bbox 1047 1929 1157 2018; x_wconf 51' lang='lat' dir='ltr'><strong>regia¹</strong></span> <span class='ocrx_word' id='word_1_112' title='bbox 1227 1961 1230 1968; x_wconf 89' lang='lat'>·</span> <span class='ocrx_word' id='word_1_113' title='bbox 1326 1994 1331 2010; x_wconf 81' lang='grc'>,</span> 
     </span>
     <span class='ocr_line' id='line_1_14' title="bbox 52 2015 1384 2122; baseline 0.002 -22"><span class='ocrx_word' id='word_1_114' title='bbox 52 2032 218 2122; x_wconf 79' lang='lat' dir='ltr'><strong>aptissimis</strong></span> <span class='ocrx_word' id='word_1_115' title='bbox 238 2035 373 2098; x_wconf 79' lang='lat' dir='ltr'><strong>formeiis</strong></span> <span class='ocrx_word' id='word_1_116' title='bbox 402 2042 430 2096; x_wconf 90' lang='lat' dir='ltr'><strong>et</strong></span> <span class='ocrx_word' id='word_1_117' title='bbox 455 2051 564 2117; x_wconf 81' lang='lat' dir='ltr'><strong>magna</strong></span> <span class='ocrx_word' id='word_1_118' title='bbox 584 2034 728 2115; x_wconf 86' lang='lat' dir='ltr'><strong>sapientia</strong></span> <span class='ocrx_word' id='word_1_119' title='bbox 743 2034 910 2117; x_wconf 65' lang='lat' dir='ltr'><strong>instructae</strong></span> <span class='ocrx_word' id='word_1_120' title='bbox 945 2038 1046 2103; x_wconf 88' lang='lat' dir='ltr'><strong>deiude</strong></span> <span class='ocrx_word' id='word_1_121' title='bbox 1063 2059 1133 2120; x_wconf 88' lang='lat' dir='ltr'><strong>pre·</strong></span> <span class='ocrx_word' id='word_1_122' title='bbox 1214 2017 1217 2025; x_wconf 15' lang='grc' dir='ltr'>ι</span> <span class='ocrx_word' id='word_1_123' title='bbox 1381 2015 1384 2024; x_wconf 27' lang='lat'>¹</span> 
     </span>
     <span class='ocr_line' id='line_1_15' title="bbox 56 2135 1131 2224; baseline 0.002 -19"><span class='ocrx_word' id='word_1_124' title='bbox 56 2161 107 2205; x_wconf 88' lang='lat' dir='ltr'><strong>aes</strong></span> <span class='ocrx_word' id='word_1_125' title='bbox 126 2138 315 2204; x_wconf 86' lang='lat' dir='ltr'><strong>Morderhaei</strong></span> <span class='ocrx_word' id='word_1_126' title='bbox 336 2148 366 2201; x_wconf 89' lang='lat' dir='ltr'><strong>et</strong></span> <span class='ocrx_word' id='word_1_127' title='bbox 385 2137 526 2202; x_wconf 86' lang='lat' dir='ltr'><strong>Estherae</strong></span> <span class='ocrx_word' id='word_1_128' title='bbox 550 2135 776 2218; x_wconf 84' lang='lat' dir='ltr'><strong>disertissimae,</strong></span> <span class='ocrx_word' id='word_1_129' title='bbox 808 2155 996 2224; x_wconf 83' lang='lat' dir='ltr'><strong>summaeque</strong></span> <span class='ocrx_word' id='word_1_130' title='bbox 1016 2143 1131 2223; x_wconf 87' lang='lat' dir='ltr'><strong>pietatis</strong></span> 
     </span>
    </p>

    <p class='ocr_par' dir='ltr' id='par_1_2' title="bbox 26 2230 1238 2612">
     <span class='ocr_line' id='line_1_16' title="bbox 26 2230 1132 2338; baseline 0.005 -32"><span class='ocrx_word' id='word_1_131' title='bbox 26 2255 33 2266; x_wconf 84' lang='lat'><strong>·</strong></span> <span class='ocrx_word' id='word_1_132' title='bbox 56 2242 265 2338; x_wconf 77' lang='lat' dir='ltr'><strong>speciminibus</strong></span> <span class='ocrx_word' id='word_1_133' title='bbox 286 2230 413 2304; x_wconf 77' lang='lat' dir='ltr'><strong>ornatae.</strong></span> <span class='ocrx_word' id='word_1_134' title='bbox 462 2240 545 2320; x_wconf 78' lang='lat' dir='ltr'><strong>Quae</strong></span> <span class='ocrx_word' id='word_1_135' title='bbox 563 2261 628 2304; x_wconf 88' lang='lat' dir='ltr'><strong>cum</strong></span> <span class='ocrx_word' id='word_1_136' title='bbox 653 2240 694 2304; x_wconf 85' lang='lat' dir='ltr'><strong>ito</strong></span> <span class='ocrx_word' id='word_1_137' title='bbox 716 2240 790 2322; x_wconf 88' lang='lat' dir='ltr'><strong>sint,</strong></span> <span class='ocrx_word' id='word_1_138' title='bbox 819 2257 859 2306; x_wconf 85' lang='lat' dir='ltr'><strong>ex</strong></span> <span class='ocrx_word' id='word_1_139' title='bbox 875 2243 934 2306; x_wconf 89' lang='lat' dir='ltr'><strong>bec</strong></span> <span class='ocrx_word' id='word_1_140' title='bbox 953 2253 1032 2310; x_wconf 71' lang='lat' dir='ltr'><strong>muta</strong></span> <span class='ocrx_word' id='word_1_141' title='bbox 1047 2247 1132 2311; x_wconf 84' lang='lat' dir='ltr'><strong>voln-</strong></span> 
     </span>
     <span class='ocr_line' id='line_1_17' title="bbox 55 2337 1131 2424; baseline 0.002 -14"><span class='ocrx_word' id='word_1_142' title='bbox 55 2345 145 2410; x_wconf 83' lang='lat' dir='ltr'><strong>minis</strong></span> <span class='ocrx_word' id='word_1_143' title='bbox 164 2337 305 2408; x_wconf 79' lang='lat' dir='ltr'><strong>Estherae</strong></span> <span class='ocrx_word' id='word_1_144' title='bbox 325 2351 353 2404; x_wconf 90' lang='lat' dir='ltr'><strong>et</strong></span> <span class='ocrx_word' id='word_1_145' title='bbox 372 2341 632 2405; x_wconf 86' lang='lat' dir='ltr'><strong>additamentornm</strong></span> <span class='ocrx_word' id='word_1_146' title='bbox 654 2340 848 2424; x_wconf 86' lang='lat' dir='ltr'><strong>discrepantia</strong></span> <span class='ocrx_word' id='word_1_147' title='bbox 869 2343 932 2407; x_wconf 89' lang='lat' dir='ltr'><strong>iure</strong></span> <span class='ocrx_word' id='word_1_148' title='bbox 952 2355 1051 2422; x_wconf 79' lang='lat' dir='ltr'><strong>oestro</strong></span> <span class='ocrx_word' id='word_1_149' title='bbox 1069 2347 1131 2412; x_wconf 88' lang='lat' dir='ltr'><strong>eol·</strong></span> 
     </span>
     <span class='ocr_line' id='line_1_18' title="bbox 55 2429 1238 2532; baseline 0.005 -24"><span class='ocrx_word' id='word_1_150' title='bbox 55 2439 198 2528; x_wconf 73' lang='lat' dir='ltr'><strong>ligimus,</strong></span> <span class='ocrx_word' id='word_1_151' title='bbox 219 2461 361 2508; x_wconf 84' lang='lat' dir='ltr'><strong>summanr</strong></span> <span class='ocrx_word' id='word_1_152' title='bbox 383 2429 559 2526; x_wconf 81' lang='lat' dir='ltr'><strong>narrationis</strong></span> <span class='ocrx_word' id='word_1_153' title='bbox 579 2452 695 2508; x_wconf 80' lang='lat' dir='ltr'><strong>uoshae</strong></span> <span class='ocrx_word' id='word_1_154' title='bbox 708 2443 921 2524; x_wconf 80' lang='lat' dir='ltr'><strong>simplicitatem</strong></span> <span class='ocrx_word' id='word_1_155' title='bbox 941 2467 980 2512; x_wconf 86' lang='lat' dir='ltr'><strong>ex</strong></span> <span class='ocrx_word' id='word_1_156' title='bbox 996 2448 1062 2532; x_wconf 88' lang='lat' dir='ltr'><strong>ipsa</strong></span> <span class='ocrx_word' id='word_1_157' title='bbox 1078 2449 1131 2514; x_wconf 87' lang='lat' dir='ltr'><strong>hi·</strong></span> <span class='ocrx_word' id='word_1_158' title='bbox 1237 2471 1238 2474; x_wconf 45' lang='lat'>¹</span> 
     </span>
     <span class='ocr_line' id='line_1_19' title="bbox 57 2547 1186 2612; baseline -0.003 -1"><span class='ocrx_word' id='word_1_159' title='bbox 57 2548 166 2612; x_wconf 81' lang='lat' dir='ltr'><strong>ateriae</strong></span> <span class='ocrx_word' id='word_1_160' title='bbox 186 2547 307 2610; x_wconf 82' lang='lat' dir='ltr'><strong>veritate</strong></span> <span class='ocrx_word' id='word_1_161' title='bbox 327 2553 421 2608; x_wconf 88' lang='lat' dir='ltr'><strong>ortam</strong></span> <span class='ocrx_word' id='word_1_162' title='bbox 443 2565 519 2610; x_wconf 87' lang='lat' dir='ltr'><strong>esse.</strong></span> <span class='ocrx_word' id='word_1_163' title='bbox 1184 2569 1186 2576; x_wconf 94' lang='lat'>·</span> 
     </span>
    </p>

    <p class='ocr_par' dir='ltr' id='par_1_3' title="bbox 159 2627 1128 2736">
     <span class='ocr_line' id='line_1_20' title="bbox 159 2627 1128 2736; baseline 0.005 -24"><span class='ocrx_word' id='word_1_164' title='bbox 159 2627 322 2712; x_wconf 82' lang='lat' dir='ltr'><strong>iustitnhun</strong></span> <span class='ocrx_word' id='word_1_165' title='bbox 352 2655 414 2727; x_wconf 87' lang='lat' dir='ltr'><strong>est,</strong></span> <span class='ocrx_word' id='word_1_166' title='bbox 444 2655 475 2709; x_wconf 94' lang='lat' dir='ltr'><strong>nt</strong></span> <span class='ocrx_word' id='word_1_167' title='bbox 501 2650 536 2710; x_wconf 90' lang='lat' dir='ltr'><strong>da</strong></span> <span class='ocrx_word' id='word_1_168' title='bbox 565 2645 661 2724; x_wconf 70' lang='lat' dir='ltr'><strong>iordoie</strong></span> <span class='ocrx_word' id='word_1_169' title='bbox 681 2647 823 2714; x_wconf 88' lang='lat' dir='ltr'><strong>historiae</strong></span> <span class='ocrx_word' id='word_1_170' title='bbox 842 2649 984 2716; x_wconf 83' lang='lat' dir='ltr'><strong>Estherae</strong></span> <span class='ocrx_word' id='word_1_171' title='bbox 1005 2649 1128 2736; x_wconf 82' lang='lat' dir='ltr'><strong>quaere·</strong></span> 
     </span>
    </p>

    <p class='ocr_par' dir='ltr' id='par_1_4' title="bbox 53 2750 1246 4570">
     <span class='ocr_line' id='line_1_21' title="bbox 57 2750 1129 2838; baseline 0.001 -21"><span class='ocrx_word' id='word_1_172' title='bbox 57 2775 195 2820; x_wconf 62' lang='lat' dir='ltr'><strong>remes„</strong></span> <span class='ocrx_word' id='word_1_173' title='bbox 214 2753 276 2814; x_wconf 86' lang='lat' dir='ltr'><strong>lara</strong></span> <span class='ocrx_word' id='word_1_174' title='bbox 296 2751 328 2814; x_wconf 88' lang='lat' dir='ltr'><strong>si&#39;</strong></span> <span class='ocrx_word' id='word_1_175' title='bbox 342 2750 496 2821; x_wconf 85' lang='lat' dir='ltr'><strong>nobiscnm</strong></span> <span class='ocrx_word' id='word_1_176' title='bbox 513 2759 697 2833; x_wconf 87' lang='lat' dir='ltr'><strong>reputamus,</strong></span> <span class='ocrx_word' id='word_1_177' title='bbox 727 2753 833 2816; x_wconf 89' lang='lat' dir='ltr'><strong>librum</strong></span> <span class='ocrx_word' id='word_1_178' title='bbox 850 2761 979 2828; x_wconf 66' lang='lat' dir='ltr'><strong>nostum</strong></span> <span class='ocrx_word' id='word_1_179' title='bbox 1000 2755 1129 2838; x_wconf 83' lang='lat' dir='ltr'><strong>antiqui·</strong></span> 
     </span>
     <span class='ocr_line' id='line_1_22' title="bbox 61 2853 1128 2942; baseline 0.002 -22"><span class='ocrx_word' id='word_1_180' title='bbox 61 2867 108 2920; x_wconf 91' lang='lat' dir='ltr'><strong>tus</strong></span> <span class='ocrx_word' id='word_1_181' title='bbox 127 2859 163 2920; x_wconf 93' lang='lat' dir='ltr'><strong>ab</strong></span> <span class='ocrx_word' id='word_1_182' title='bbox 184 2855 325 2920; x_wconf 87' lang='lat' dir='ltr'><strong>israelitis</strong></span> <span class='ocrx_word' id='word_1_183' title='bbox 343 2855 372 2916; x_wconf 92' lang='lat' dir='ltr'><strong>in</strong></span> <span class='ocrx_word' id='word_1_184' title='bbox 396 2853 523 2938; x_wconf 81' lang='lat' dir='ltr'><strong>codicem</strong></span> <span class='ocrx_word' id='word_1_185' title='bbox 544 2873 629 2918; x_wconf 81' lang='lat' dir='ltr'><strong>snum</strong></span> <span class='ocrx_word' id='word_1_186' title='bbox 650 2874 766 2920; x_wconf 81' lang='lat' dir='ltr'><strong>sacrorn</strong></span> <span class='ocrx_word' id='word_1_187' title='bbox 784 2865 928 2938; x_wconf 83' lang='lat' dir='ltr'><strong>recepturo</strong></span> <span class='ocrx_word' id='word_1_188' title='bbox 950 2876 1034 2942; x_wconf 87' lang='lat' dir='ltr'><strong>esse,</strong></span> <span class='ocrx_word' id='word_1_189' title='bbox 1061 2855 1128 2941; x_wconf 86' lang='lat' dir='ltr'><strong>qnid</strong></span> 
     </span>
     <span class='ocr_line' id='line_1_23' title="bbox 61 2951 1190 3052; baseline 0 -28"><span class='ocrx_word' id='word_1_190' title='bbox 61 2959 155 3040; x_wconf 78' lang='lat' dir='ltr'><strong>rengis</strong></span> <span class='ocrx_word' id='word_1_191' title='bbox 172 2951 326 3052; x_wconf 68' lang='lat' dir='ltr'><strong>attentione</strong></span> <span class='ocrx_word' id='word_1_192' title='bbox 347 2967 445 3022; x_wconf 88' lang='lat' dir='ltr'><strong>nostra</strong></span> <span class='ocrx_word' id='word_1_193' title='bbox 466 2955 586 3044; x_wconf 76' lang='lat' dir='ltr'><strong>dignorn</strong></span> <span class='ocrx_word' id='word_1_194' title='bbox 607 2974 674 3022; x_wconf 87' lang='lat' dir='ltr'><strong>esse</strong></span> <span class='ocrx_word' id='word_1_195' title='bbox 695 2967 804 3041; x_wconf 87' lang='lat' dir='ltr'><strong>potest,</strong></span> <span class='ocrx_word' id='word_1_196' title='bbox 831 2978 918 3040; x_wconf 87' lang='lat' dir='ltr'><strong>qnam</strong></span> <span class='ocrx_word' id='word_1_197' title='bbox 937 2959 1027 3042; x_wconf 88' lang='lat' dir='ltr'><strong>iliud,</strong></span> <span class='ocrx_word' id='word_1_198' title='bbox 1053 2963 1128 3043; x_wconf 88' lang='lat' dir='ltr'><strong>qnod</strong></span> <span class='ocrx_word' id='word_1_199' title='bbox 1188 3013 1190 3031; x_wconf 84' lang='lat'><em>.</em></span> 
     </span>
     <span class='ocr_line' id='line_1_24' title="bbox 60 3047 1220 3144; baseline 0.001 -17"><span class='ocrx_word' id='word_1_200' title='bbox 60 3083 162 3128; x_wconf 90' lang='lat' dir='ltr'><strong>nomeu</strong></span> <span class='ocrx_word' id='word_1_201' title='bbox 180 3061 234 3124; x_wconf 85' lang='lat' dir='ltr'><strong>Dei</strong></span> <span class='ocrx_word' id='word_1_202' title='bbox 254 3081 307 3142; x_wconf 91' lang='lat' dir='ltr'><strong>per</strong></span> <span class='ocrx_word' id='word_1_203' title='bbox 329 3051 417 3126; x_wconf 78' lang='lat' dir='ltr'><strong>roien</strong></span> <span class='ocrx_word' id='word_1_204' title='bbox 437 3059 544 3124; x_wconf 85' lang='lat' dir='ltr'><strong>librum</strong></span> <span class='ocrx_word' id='word_1_205' title='bbox 563 3081 602 3124; x_wconf 88' lang='lat' dir='ltr'><strong>ue</strong></span> <span class='ocrx_word' id='word_1_206' title='bbox 619 3061 710 3126; x_wconf 87' lang='lat' dir='ltr'><strong>semel</strong></span> <span class='ocrx_word' id='word_1_207' title='bbox 723 3049 838 3143; x_wconf 65' lang='lat' dir='ltr'><strong>‘qrriden</strong></span> <span class='ocrx_word' id='word_1_208' title='bbox 860 3061 989 3144; x_wconf 78' lang='lat' dir='ltr'><strong>legitur‘i</strong></span> <span class='ocrx_word' id='word_1_209' title='bbox 1017 3047 1128 3142; x_wconf 78' lang='lat' dir='ltr'><strong>Quarh-</strong></span> <span class='ocrx_word' id='word_1_210' title='bbox 1216 3106 1220 3118; x_wconf 89' lang='lat'>·</span> 
     </span>
     <span class='ocr_line' id='line_1_25' title="bbox 63 3159 1126 3248; baseline 0.001 -20"><span class='ocrx_word' id='word_1_211' title='bbox 63 3185 147 3248; x_wconf 84' lang='lat' dir='ltr'><strong>qnam</strong></span> <span class='ocrx_word' id='word_1_212' title='bbox 167 3163 361 3228; x_wconf 75' lang='lat' dir='ltr'><strong>Hebraeorum</strong></span> <span class='ocrx_word' id='word_1_213' title='bbox 390 3159 520 3226; x_wconf 82' lang='lat' dir='ltr'><strong>historici</strong></span> <span class='ocrx_word' id='word_1_214' title='bbox 542 3161 622 3225; x_wconf 86' lang='lat' dir='ltr'><strong>saeui</strong></span> <span class='ocrx_word' id='word_1_215' title='bbox 645 3181 732 3244; x_wconf 88' lang='lat' dir='ltr'><strong>quam</strong></span> <span class='ocrx_word' id='word_1_216' title='bbox 759 3161 976 3244; x_wconf 85' lang='lat' dir='ltr'><strong>simplicissime</strong></span> <span class='ocrx_word' id='word_1_217' title='bbox 994 3175 1126 3246; x_wconf 89' lang='lat' dir='ltr'><strong>narrant,</strong></span> 
     </span>
     <span class='ocr_line' id='line_1_26' title="bbox 63 3251 1126 3352; baseline -0.001 -20"><span class='ocrx_word' id='word_1_218' title='bbox 63 3287 151 3352; x_wconf 87' lang='lat' dir='ltr'><strong>neque</strong></span> <span class='ocrx_word' id='word_1_219' title='bbox 171 3265 324 3350; x_wconf 72' lang='lat' dir='ltr'><strong>quidquam</strong></span> <span class='ocrx_word' id='word_1_220' title='bbox 349 3265 429 3327; x_wconf 89' lang='lat' dir='ltr'><strong>aliud</strong></span> <span class='ocrx_word' id='word_1_221' title='bbox 457 3263 637 3328; x_wconf 72' lang='lat' dir='ltr'><strong>uicinorum</strong></span> <span class='ocrx_word' id='word_1_222' title='bbox 662 3251 791 3347; x_wconf 82' lang='lat' dir='ltr'><strong>ipsarum</strong></span> <span class='ocrx_word' id='word_1_223' title='bbox 811 3274 967 3347; x_wconf 84' lang='lat' dir='ltr'><strong>sequuntur</strong></span> <span class='ocrx_word' id='word_1_224' title='bbox 986 3267 1126 3351; x_wconf 81' lang='lat' dir='ltr'><strong>ordinem,</strong></span> 
     </span>
     <span class='ocr_line' id='line_1_27' title="bbox 66 3365 1126 3450; baseline -0.001 -16"><span class='ocrx_word' id='word_1_225' title='bbox 66 3380 157 3434; x_wconf 60' lang='lat' dir='ltr'><strong>emen</strong></span> <span class='ocrx_word' id='word_1_226' title='bbox 174 3367 269 3432; x_wconf 87' lang='lat' dir='ltr'><strong>omnia</strong></span> <span class='ocrx_word' id='word_1_227' title='bbox 287 3371 325 3431; x_wconf 88' lang='lat' dir='ltr'><strong>ad</strong></span> <span class='ocrx_word' id='word_1_228' title='bbox 344 3366 439 3433; x_wconf 88' lang='lat' dir='ltr'><strong>Deum</strong></span> <span class='ocrx_word' id='word_1_229' title='bbox 459 3368 606 3449; x_wconf 80' lang='lat' dir='ltr'><strong>referunt,</strong></span> <span class='ocrx_word' id='word_1_230' title='bbox 629 3375 656 3431; x_wconf 89' lang='lat' dir='ltr'><strong>ct</strong></span> <span class='ocrx_word' id='word_1_231' title='bbox 677 3365 805 3432; x_wconf 83' lang='lat' dir='ltr'><strong>maxime</strong></span> <span class='ocrx_word' id='word_1_232' title='bbox 826 3367 970 3434; x_wconf 86' lang='lat' dir='ltr'><strong>iis&#39;onrae</strong></span> <span class='ocrx_word' id='word_1_233' title='bbox 989 3369 1126 3450; x_wconf 83' lang='lat' dir='ltr'><strong>cordique</strong></span> 
     </span>
     <span class='ocr_line' id='line_1_28' title="bbox 53 3467 1176 3552; baseline -0.001 -19"><span class='ocrx_word' id='word_1_234' title='bbox 53 3479 121 3550; x_wconf 81' lang='lat' dir='ltr'><strong>est,</strong></span> <span class='ocrx_word' id='word_1_235' title='bbox 154 3487 296 3552; x_wconf 88' lang='lat' dir='ltr'><strong>quaenam</strong></span> <span class='ocrx_word' id='word_1_236' title='bbox 324 3487 433 3550; x_wconf 87' lang='lat' dir='ltr'><strong>qnoque</strong></span> <span class='ocrx_word' id='word_1_237' title='bbox 461 3481 588 3550; x_wconf 88' lang='lat' dir='ltr'><strong>tempore</strong></span> <span class='ocrx_word' id='word_1_238' title='bbox 616 3467 691 3530; x_wconf 88' lang='lat' dir='ltr'><strong>iuter</strong></span> <span class='ocrx_word' id='word_1_239' title='bbox 712 3467 806 3532; x_wconf 88' lang='lat' dir='ltr'><strong>Deum</strong></span> <span class='ocrx_word' id='word_1_240' title='bbox 835 3478 863 3530; x_wconf 90' lang='lat' dir='ltr'><strong>et</strong></span> <span class='ocrx_word' id='word_1_241' title='bbox 883 3468 1021 3550; x_wconf 75' lang='lat' dir='ltr'><strong>populoru</strong></span> <span class='ocrx_word' id='word_1_242' title='bbox 1039 3487 1126 3532; x_wconf 87' lang='lat' dir='ltr'><strong>suurn</strong></span> <span class='ocrx_word' id='word_1_243' title='bbox 1169 3511 1176 3521; x_wconf 83' lang='lat'>-</span> 
     </span>
     <span class='ocr_line' id='line_1_29' title="bbox 66 3569 1134 3655; baseline 0.001 -20"><span class='ocrx_word' id='word_1_244' title='bbox 66 3573 250 3636; x_wconf 82' lang='lat' dir='ltr'><strong>intercesserit</strong></span> <span class='ocrx_word' id='word_1_245' title='bbox 267 3571 351 3651; x_wconf 90' lang='lat' dir='ltr'><strong>ratio,</strong></span> <span class='ocrx_word' id='word_1_246' title='bbox 374 3591 516 3655; x_wconf 62' lang='lat' dir='ltr'><strong>exponere</strong></span> <span class='ocrx_word' id='word_1_247' title='bbox 538 3580 566 3634; x_wconf 86' lang='lat' dir='ltr'><strong>et</strong></span> <span class='ocrx_word' id='word_1_248' title='bbox 586 3573 750 3635; x_wconf 89' lang='lat' dir='ltr'><strong>ostendere.</strong></span> <span class='ocrx_word' id='word_1_249' title='bbox 792 3571 868 3635; x_wconf 85' lang='lat' dir='ltr'><strong>Illud</strong></span> <span class='ocrx_word' id='word_1_250' title='bbox 890 3571 982 3654; x_wconf 74' lang='lat' dir='ltr'><strong>igitur</strong></span> <span class='ocrx_word' id='word_1_251' title='bbox 1003 3571 1040 3634; x_wconf 88' lang='lat' dir='ltr'><strong>de</strong></span> <span class='ocrx_word' id='word_1_252' title='bbox 1060 3569 1134 3636; x_wconf 83' lang='lat' dir='ltr'><strong>nen·</strong></span> 
     </span>
     <span class='ocr_line' id='line_1_30' title="bbox 68 3668 1124 3756; baseline -0.006 -20"><span class='ocrx_word' id='word_1_253' title='bbox 68 3674 200 3736; x_wconf 85' lang='lat' dir='ltr'><strong>silentium</strong></span> <span class='ocrx_word' id='word_1_254' title='bbox 224 3673 349 3753; x_wconf 86' lang='lat' dir='ltr'><strong>primurn</strong></span> <span class='ocrx_word' id='word_1_255' title='bbox 374 3671 491 3756; x_wconf 85' lang='lat' dir='ltr'><strong>quidem</strong></span> <span class='ocrx_word' id='word_1_256' title='bbox 517 3671 671 3756; x_wconf 88' lang='lat' dir='ltr'><strong>impietatis</strong></span> <span class='ocrx_word' id='word_1_257' title='bbox 700 3671 827 3754; x_wconf 86' lang='lat' dir='ltr'><strong>aliquam</strong></span> <span class='ocrx_word' id='word_1_258' title='bbox 853 3668 1047 3753; x_wconf 74' lang='lat' dir='ltr'><strong>suspicionem</strong></span> <span class='ocrx_word' id='word_1_259' title='bbox 1069 3673 1124 3737; x_wconf 87' lang='lat' dir='ltr'><strong>ha.</strong></span> 
     </span>
     <span class='ocr_line' id='line_1_31' title="bbox 67 3771 1123 3860; baseline -0.002 -18"><span class='ocrx_word' id='word_1_260' title='bbox 67 3780 132 3842; x_wconf 86' lang='lat' dir='ltr'><strong>bere</strong></span> <span class='ocrx_word' id='word_1_261' title='bbox 150 3776 266 3841; x_wconf 85' lang='lat' dir='ltr'><strong>ridetur.</strong></span> <span class='ocrx_word' id='word_1_262' title='bbox 315 3777 353 3837; x_wconf 81' lang='lat' dir='ltr'><strong>dt</strong></span> <span class='ocrx_word' id='word_1_263' title='bbox 372 3795 440 3840; x_wconf 80' lang='lat' dir='ltr'><strong>vero</strong></span> <span class='ocrx_word' id='word_1_264' title='bbox 467 3775 515 3857; x_wconf 85' lang='lat' dir='ltr'><strong>qui</strong></span> <span class='ocrx_word' id='word_1_265' title='bbox 547 3797 610 3846; x_wconf 90' lang='lat' dir='ltr'><strong>reru</strong></span> <span class='ocrx_word' id='word_1_266' title='bbox 635 3776 722 3858; x_wconf 86' lang='lat' dir='ltr'><strong>panio</strong></span> <span class='ocrx_word' id='word_1_267' title='bbox 750 3771 884 3842; x_wconf 70' lang='lat' dir='ltr'><strong>stantius</strong></span> <span class='ocrx_word' id='word_1_268' title='bbox 902 3773 1123 3860; x_wconf 84' lang='lat' dir='ltr'><strong>examinaverit,</strong></span> 
     </span>
     <span class='ocr_line' id='line_1_32' title="bbox 66 3875 1124 3961; baseline -0.002 -17"><span class='ocrx_word' id='word_1_269' title='bbox 66 3879 145 3944; x_wconf 74' lang='lat' dir='ltr'><strong>facile</strong></span> <span class='ocrx_word' id='word_1_270' title='bbox 163 3879 236 3942; x_wconf 91' lang='lat' dir='ltr'><strong>banc</strong></span> <span class='ocrx_word' id='word_1_271' title='bbox 250 3877 478 3942; x_wconf 84' lang='lat' dir='ltr'><strong>criminationem</strong></span> <span class='ocrx_word' id='word_1_272' title='bbox 498 3875 618 3961; x_wconf 80' lang='lat' dir='ltr'><strong>prorsus</strong></span> <span class='ocrx_word' id='word_1_273' title='bbox 640 3877 832 3960; x_wconf 64' lang='lat' dir='ltr'><strong>vanarn‘esse</strong></span> <span class='ocrx_word' id='word_1_274' title='bbox 850 3875 1003 3958; x_wconf 76' lang='lat' dir='ltr'><strong>intelliget.</strong></span> <span class='ocrx_word' id='word_1_275' title='bbox 1046 3879 1124 3942; x_wconf 81' lang='lat' dir='ltr'><strong>&#39;l&#39;ota</strong></span> 
     </span>
     <span class='ocr_line' id='line_1_33' title="bbox 68 3965 1246 4064; baseline 0 -20"><span class='ocrx_word' id='word_1_276' title='bbox 68 3979 137 4044; x_wconf 86' lang='lat' dir='ltr'><strong>enirn</strong></span> <span class='ocrx_word' id='word_1_277' title='bbox 161 3978 279 4042; x_wconf 89' lang='lat' dir='ltr'><strong>historia</strong></span> <span class='ocrx_word' id='word_1_278' title='bbox 308 3987 494 4064; x_wconf 76' lang='lat' dir='ltr'><strong>suspectat,</strong></span> <span class='ocrx_word' id='word_1_279' title='bbox 527 3988 558 4041; x_wconf 89' lang='lat' dir='ltr'><strong>nt</strong></span> <span class='ocrx_word' id='word_1_280' title='bbox 585 3969 801 4060; x_wconf 82' lang='lat' dir='ltr'><strong>providentiae,</strong></span> <span class='ocrx_word' id='word_1_281' title='bbox 830 3997 903 4064; x_wconf 82' lang='lat' dir='ltr'><strong>quac</strong></span> <span class='ocrx_word' id='word_1_282' title='bbox 930 3965 1123 4060; x_wconf 84' lang='lat' dir='ltr'><strong>innocentiae,</strong></span> <span class='ocrx_word' id='word_1_283' title='bbox 1212 4017 1213 4022; x_wconf 21' lang='grc' dir='ltr'><strong>κ</strong></span> <span class='ocrx_word' id='word_1_284' title='bbox 1245 4049 1246 4052; x_wconf 48' lang='lat'><strong>,</strong></span> 
     </span>
     <span class='ocr_line' id='line_1_34' title="bbox 69 4078 1122 4166; baseline 0 -22"><span class='ocrx_word' id='word_1_285' title='bbox 69 4083 184 4166; x_wconf 76' lang='lat' dir='ltr'><strong>quamuis</strong></span> <span class='ocrx_word' id='word_1_286' title='bbox 206 4084 244 4146; x_wconf 92' lang='lat' dir='ltr'><strong>ab</strong></span> <span class='ocrx_word' id='word_1_287' title='bbox 262 4082 367 4164; x_wconf 83' lang='lat' dir='ltr'><strong>opibus</strong></span> <span class='ocrx_word' id='word_1_288' title='bbox 390 4081 525 4145; x_wconf 86' lang='lat' dir='ltr'><strong>destituta</strong></span> <span class='ocrx_word' id='word_1_289' title='bbox 545 4079 601 4160; x_wconf 89' lang='lat' dir='ltr'><strong>sit,</strong></span> <span class='ocrx_word' id='word_1_290' title='bbox 621 4081 752 4152; x_wconf 49' lang='lat' dir='ltr'><strong>¹tandem</strong></span> <span class='ocrx_word' id='word_1_291' title='bbox 772 4078 946 4162; x_wconf 87' lang='lat' dir='ltr'><strong>triumphum</strong></span> <span class='ocrx_word' id='word_1_292' title='bbox 966 4090 1122 4164; x_wconf 80' lang='lat' dir='ltr'><strong>conparet,</strong></span> 
     </span>
     <span class='ocr_line' id='line_1_35' title="bbox 71 4167 1192 4264; baseline 0.001 -22"><span class='ocrx_word' id='word_1_293' title='bbox 71 4183 101 4244; x_wconf 87' lang='lat' dir='ltr'><strong>ab</strong></span> <span class='ocrx_word' id='word_1_294' title='bbox 118 4179 288 4264; x_wconf 83' lang='lat' dir='ltr'><strong>improbitate</strong></span> <span class='ocrx_word' id='word_1_295' title='bbox 316 4202 386 4246; x_wconf 86' lang='lat' dir='ltr'><strong>rere</strong></span> <span class='ocrx_word' id='word_1_296' title='bbox 415 4181 548 4264; x_wconf 79' lang='lat' dir='ltr'><strong>quamvis</strong></span> <span class='ocrx_word' id='word_1_297' title='bbox 575 4179 775 4262; x_wconf 87' lang='lat' dir='ltr'><strong>potentissima</strong></span> <span class='ocrx_word' id='word_1_298' title='bbox 801 4179 901 4261; x_wconf 83' lang='lat' dir='ltr'><strong>poenis</strong></span> <span class='ocrx_word' id='word_1_299' title='bbox 927 4182 1029 4262; x_wconf 79' lang='lat' dir='ltr'><strong>exigat</strong></span> <span class='ocrx_word' id='word_1_300' title='bbox 1057 4191 1122 4243; x_wconf 87' lang='lat' dir='ltr'><strong>tur-</strong></span> <span class='ocrx_word' id='word_1_301' title='bbox 1190 4167 1192 4174; x_wconf 46' lang='lat'><strong>¹</strong></span> 
     </span>
     <span class='ocr_line' id='line_1_36' title="bbox 70 4272 1121 4365; baseline -0.003 -22"><span class='ocrx_word' id='word_1_302' title='bbox 70 4281 205 4365; x_wconf 79' lang='lat' dir='ltr'><strong>piscinas,</strong></span> <span class='ocrx_word' id='word_1_303' title='bbox 241 4303 313 4365; x_wconf 84' lang='lat' dir='ltr'><strong>opus</strong></span> <span class='ocrx_word' id='word_1_304' title='bbox 333 4272 674 4347; x_wconf 76' lang='lat' dir='ltr'><strong>ostendatur-admodum</strong></span> <span class='ocrx_word' id='word_1_305' title='bbox 697 4281 893 4345; x_wconf 80' lang='lat' dir='ltr'><strong>manifestum.</strong></span> <span class='ocrx_word' id='word_1_306' title='bbox 940 4279 1053 4344; x_wconf 85' lang='lat' dir='ltr'><strong>Deinde</strong></span> <span class='ocrx_word' id='word_1_307' title='bbox 1075 4289 1121 4340; x_wconf 92' lang='lat' dir='ltr'><strong>to-</strong></span> 
     </span>
     <span class='ocr_line' id='line_1_37' title="bbox 69 4379 1121 4448; baseline -0.004 -2"><span class='ocrx_word' id='word_1_308' title='bbox 69 4382 118 4446; x_wconf 89' lang='lat' dir='ltr'><strong>tins</strong></span> <span class='ocrx_word' id='word_1_309' title='bbox 136 4383 190 4448; x_wconf 84' lang='lat' dir='ltr'><strong>sere</strong></span> <span class='ocrx_word' id='word_1_310' title='bbox 212 4384 255 4446; x_wconf 88' lang='lat' dir='ltr'><strong>rei</strong></span> <span class='ocrx_word' id='word_1_311' title='bbox 276 4393 450 4446; x_wconf 88' lang='lat' dir='ltr'><strong>momentum</strong></span> <span class='ocrx_word' id='word_1_312' title='bbox 473 4383 504 4446; x_wconf 90' lang='lat' dir='ltr'><strong>iu</strong></span> <span class='ocrx_word' id='word_1_313' title='bbox 531 4381 648 4446; x_wconf 87' lang='lat' dir='ltr'><strong>ieiuniis</strong></span> <span class='ocrx_word' id='word_1_314' title='bbox 669 4383 839 4446; x_wconf 88' lang='lat' dir='ltr'><strong>ludaeorum</strong></span> <span class='ocrx_word' id='word_1_315' title='bbox 861 4389 888 4442; x_wconf 90' lang='lat' dir='ltr'><strong>ct</strong></span> <span class='ocrx_word' id='word_1_316' title='bbox 908 4379 1048 4444; x_wconf 83' lang='lat' dir='ltr'><strong>Estherac</strong></span> <span class='ocrx_word' id='word_1_317' title='bbox 1070 4397 1121 4442; x_wconf 85' lang='lat' dir='ltr'><strong>se·</strong></span> 
     </span>
     <span class='ocr_line' id='line_1_38' title="bbox 68 4479 1124 4570; baseline -0.006 -20"><span class='ocrx_word' id='word_1_318' title='bbox 68 4485 209 4550; x_wconf 80' lang='lat' dir='ltr'><strong>verissimis</strong></span> <span class='ocrx_word' id='word_1_319' title='bbox 229 4483 345 4566; x_wconf 89' lang='lat' dir='ltr'><strong>ponitur</strong></span> <span class='ocrx_word' id='word_1_320' title='bbox 367 4483 420 4570; x_wconf 78' lang='lat'><strong>(4,</strong></span> <span class='ocrx_word' id='word_1_321' title='bbox 446 4485 530 4569; x_wconf 85' lang='lat'><strong>16.),</strong></span> <span class='ocrx_word' id='word_1_322' title='bbox 553 4504 627 4567; x_wconf 87' lang='lat' dir='ltr'><strong>quae</strong></span> <span class='ocrx_word' id='word_1_323' title='bbox 647 4505 710 4555; x_wconf 87' lang='lat' dir='ltr'><strong>eum</strong></span> <span class='ocrx_word' id='word_1_324' title='bbox 728 4503 783 4566; x_wconf 81' lang='lat' dir='ltr'><strong>per</strong></span> <span class='ocrx_word' id='word_1_325' title='bbox 801 4503 835 4548; x_wconf 88' lang='lat' dir='ltr'><strong>sc</strong></span> <span class='ocrx_word' id='word_1_326' title='bbox 851 4480 924 4544; x_wconf 89' lang='lat' dir='ltr'><strong>nihil</strong></span> <span class='ocrx_word' id='word_1_327' title='bbox 946 4482 1056 4565; x_wconf 87' lang='lat' dir='ltr'><strong>possint</strong></span> <span class='ocrx_word' id='word_1_328' title='bbox 1073 4479 1124 4562; x_wconf 46' lang='lat' dir='ltr'><strong>eis</strong></span> 
     </span>
    </p>

    <p class='ocr_par' dir='ltr' id='par_1_5' title="bbox 20 4583 1139 4649">
     <span class='ocr_line' id='line_1_39' title="bbox 20 4583 1139 4649; baseline 0 -59"><span class='ocrx_word' id='word_1_329' title='bbox 20 4583 22 4590; x_wconf 17' lang='grc' dir='ltr'><em>Α</em></span> <span class='ocrx_word' id='word_1_330' title='bbox 429 4604 431 4608; x_wconf 23' lang='grc' dir='ltr'>Ι</span> <span class='ocrx_word' id='word_1_331' title='bbox 894 4583 955 4649; x_wconf 57' lang='grc'><strong>4*</strong></span> <span class='ocrx_word' id='word_1_332' title='bbox 1138 4605 1139 4608; x_wconf 9' lang='lat'>¹</span> 
     </span>
    </p>
   </div>
   <div class='ocr_carea' id='block_1_2' title="bbox 0 0 1466 5016">
    <p class='ocr_par' dir='ltr' id='par_1_6' title="bbox 0 0 1466 5016">
     <span class='ocr_line' id='line_1_40' title="bbox 0 0 1466 5016; baseline 0 0"><span class='ocrx_word' id='word_1_333' title='bbox 0 0 1466 5016; x_wconf 95' lang='lat' dir='ltr'><strong> </strong></span> 
     </span>
    </p>
   </div>
  </div>
 </body>
</html>
