2874 5016
96 683 102 688 ι
133 703 308 775 ial'ins‘taut
328 707 373 770 les
393 723 468 788 gens
489 703 535 768 ies
553 671 654 794 ruienx
673 697 814 781 caelico,
844 705 873 762 et
890 699 936 762 les
956 700 1022 782 plus
1043 671 1148 783 dignes
1169 701 1207 765 de

71 862 75 872 .
131 811 235 888 Perre,
257 807 301 871 ier
321 806 403 887 price
421 805 473 868 des
493 793 626 868 bieus'et
647 800 684 870 de
703 799 735 862 ia
754 797 818 878 vie,
853 805 889 860 ot
916 804 995 860 tent
1013 799 1098 862 caia
1116 811 1206 864 sens

133 923 277 975 aucune
303 907 422 972 iorrne
446 907 490 968 de
517 899 656 984 proce's
694 909 729 963 et
763 918 856 964 saus
889 897 1058 982 prendre
1084 889 1206 964 aucun
1299 977 1303 986 ‚
1334 919 1338 932 ·

120 1011 219 1091 ¹soiu
239 1013 283 1074 de
303 1007 467 1074 verisier
492 999 1100 1088 locriusimp'nre(111.p.293.).
1128 1003 1206 1086 Quid

132 1123 231 1177 eontra
250 1114 306 1177 boo
329 1100 522 1175 testimouium
539 1109 578 1170 ab
598 1125 633 1171 ee
653 1104 717 1170 viro
736 1105 859 1184 editum,
889 1103 938 1186 qni
956 1123 1009 1186 per
1028 1102 1127 1185 plnres
1147 1123 1206 1170 au·
1255 1169 1260 1186 ,

112 1205 186 1278 'uos
206 1213 283 1276 iuter
303 1211 412 1273 Persas
431 1206 560 1290 degerit,
582 1213 611 1268 et
630 1203 759 1286 plurima
781 1223 845 1266 euru
866 1201 941 1283 ipsis
961 1196 1082 1296 regibus
1104 1212 1133 1266 et
1152 1221 1207 1270 au.

130 1297 198 1378 ineis
226 1311 370 1376 ministris
396 1331 466 1374 usus
492 1309 531 1372 sit
558 1306 779 1388 consuetudine,
814 1305 863 1388 qni
891 1295 1016 1389 denique
1037 1325 1138 1370 omnes
1156 1327 1206 1374 res
1299 1317 1301 1321 ’

105 1410 267 1477 ‘accurate
286 1411 481 1476 observaverit
501 1408 676 1474 credeliter
695 1405 897 1490 descripserit,
924 1405 995 1488 qnid
1019 1415 1119 1470 contra
1140 1417 1208 1472 tau.
1238 1433 1240 1436 ·

131 1514 192 1580 inm
215 1513 378 1597 argumenti
406 1515 516 1596 pondus
543 1511 641 1577 vaieut
668 1509 907 1574 ratiocinationes
933 1519 962 1572 et
988 1508 1138 1592 opiniones
1167 1531 1206 1575 ex

129 1618 247 1682 umbris
261 1625 346 1700 atque
359 1615 474 1680 'sobolis
494 1613 660 1679 criticorum
682 1623 816 1694 prorutae
841 1622 870 1674 ot
890 1611 1046 1692 prolatari
1086 1609 1204 1677 'l'auto-

128 1721 201 1802 'pere
222 1720 325 1784 'antem
352 1720 409 1783 hoo
427 1716 629 1782 testimoninm
656 1717 694 1778 ad
721 1733 784 1778 rem
811 1723 941 1778 noscam
961 1723 1060 1794 aptum
1082 1701 1143 1795 est,
1171 1725 1204 1780 nt

128 1816 168 1888 {td
181 1817 411 1905 probabilitatem
424 1809 602 1904 probandam
621 1817 696 1889 nibil
714 1818 841 1901 ampiius
858 1819 965 1903 requiri
985 1803 1205 1904 possit,’quam

128 1921 329 1990 documentum
357 1925 491 2008 aliquod,
525 1945 580 2005 qao
604 1926 831 2004 demonstretur,
858 1921 940 2004 regis
964 1921 1107 1986 Abasveri
1135 1927 1204 1990 aui.

128 2018 273 2106 mnm'ssad
294 2017 453 2109 perniciem
473 2027 643 2096 iudaeorum
663 2028 874 2091 decernendam
901 2025 1001 2107 aliquo
1022 2027 1107 2090 modo
1127 2017 1204 2093 iuci-
1294 2067 1300 2082 .

129 2128 328 2198 interuersa.
363 2127 444 2198 iiam
464 2131 536 2193 baec
554 2139 599 2194 cst
617 2129 663 2194 vis
690 2129 917 2193 testimoniorum
936 2125 1071 2208 iliorum,
1104 2140 1136 2191 nt
1157 2131 1205 2194 iu·
1331 2161 1333 2164 ·

129 2226 320 2314 telligarbus,
340 2229 375 2294 in
391 2231 522 2312 imperiis
544 2229 682 2296 Asiaticis
703 2232 816 2296 scelera
836 2230 965 2313 iusignia
985 2241 1073 2314 atquc
1095 2227 1204 2299 imura·¹

125 2333 180 2398 uto
201 2333 319 2399 tniuirue
339 2353 444 2400 causas
463 2335 610 2420 requirere
631 2353 754 2416 magnas
776 2343 952 2417 etgraves,
977 2339 1029 2400 sed
1051 2355 1139 2418 saepe
1161 2359 1202 2402 ex

9 2437 10 2442 ’
126 2440 217 2503 rebus
232 2430 234 2450 ²
250 2437 300 2504 vel
333 2437 492 2504 levissimis
525 2437 616 2520 oriri,
653 2439 807 2502 dummodo
833 2446 957 2520 tangant
986 2437 1123 2503 libidines
1152 2453 1206 2530 tp<

126 2558 298 2612 rauuoruru.
343 2539 409 2609 Hoc
435 2551 534 2606 antem
560 2541 593 2604 iu
619 2560 710 2608 causa
738 2531 840 2606 nostra
867 2539 1068 2604 uou'diffioile
1090 2545 1140 2606 est
1163 2543 1202 2608 ad

128 2645 393 2710 demonstrandum.
435 2645 512 2708 Nam
532 2643 678 2710 Hamanis
699 2644 775 2706 iram
796 2647 834 2708 ad
859 2653 918 2708 tam
939 2663 1058 2730 sacvqru
1082 2653 1110 2708 et
1132 2663 1201 2706 cru·
1241 2667 1242 2670 ¹

128 2745 193 2810 dete
213 2747 367 2811 consilinm
387 2743 474 2811 iacile
494 2745 610 2812 incitari
631 2747 777 2829 potuisse,
790 2765 857 2832 [uon
875 2747 970 2811 muita
989 2755 1058 2827 eget
1073 2747 1202 2810 demon-

129 2841 294 2930 stratione,‘
311 2850 338 2914 si
366 2849 599 2930 cousideremns,
630 2869 718 2933 quam
747 2848 860 2932 penitus
888 2849 1066 2914 contumacia
1084 2859 1112 2912 et
1133 2871 1203 2914 eon·
1250 2904 1252 2908 .
1327 2892 1329 2900 ,

99 2980 101 2984 ·
128 2952 226 3014 temtio
252 2950 455 3033 Mordeairaei‚
487 2950 686 3015 bemnuciouis
720 2950 833 3029 iudaei,
865 2950 1053 3031 apertissima
1086 2951 1202 3018 viscera

88 3071 93 3078 “
127 3045 185 3126 viri
212 3055 403 3138 potentissimi
430 3065 458 3118 et
484 3053 684 3136 superbissimi
705 3052 872 3136 perfoderit.
913 3053 1070 3118 Praeterea
1090 3054 1200 3118 Persas
1335 3131 1338 3140 Ι

126 3159 323 3240 pernimiam
345 3157 491 3221 luxuriam
507 3160 546 3221 ad
567 3177 680 3221 omnem
698 3155 851 3221 saevitiem
871 3166 900 3220 et
916 3157 1112 3221 crudelitatem
1134 3157 1202 3221 vai-

27 3249 30 3262 ’
126 3262 165 3324 de
186 3251 360 3343 ineiiu'asse,
388 3251 587 3326 demonstrant
608 3257 815 3342 suppliciorum
843 3270 872 3324 ot
900 3251 1075 3325 cruciatuum
1097 3279 1202 3323 exaur-

95 3389 100 3396 ’
128 3365 178 3448 pia
203 3355 312 3448 aliquot
338 3365 490 3429 horribilia
516 3365 553 3427 ab
580 3364 711 3446 antiquis
735 3362 882 3440 historicis
906 3364 991 3428 uobis
1020 3361 1125 3428 tradita
1153 3363 1217 3446 (v.

126 3465 196 3538 Hdt.
225 3469 348 3550 7,’39.Ἰ
373 3467 616 3556 9.,111.11³1ur.
649 3468 755 3532 Artax.
781 3466 929 3550 p.1019.
966 3469 1014 3532 ed.
1043 3464 1200 3550 Xyland.).

127 3569 192 3630 iarn
213 3575 244 3630 ut
270 3565 424 3631 consilium
446 3554 530 3630 suum
554 3565 621 3648 regi
642 3568 794 3648 probaret,
819 3564 936 3631 Hauon
957 3584 1021 3628 reuu
1045 3583 1104 3658 uon
1124 3567 1200 3628 uude

128 3671 290 3750 proposuit,
323 3674 374 3735 sed
400 3671 457 3734 boc
479 3671 574 3752 ipsam
602 3670 709 3733 studuit
743 3669 875 3752 efficere,
913 3670 988 3750 quod
1012 3666 1136 3732 vidimus
1162 3671 1200 3732 ad

128 3757 226 3830 omnia
246 3770 338 3831 edicta
359 3768 443 3852 rbgia
463 3771 625 3836 maximam
645 3773 706 3837 viru
725 3773 851 3850 haberer
881 3769 964 3852 regis
982 3768 1076 3854 ipsius
1098 3792 1201 3854 perso·
1237 3794 1241 3804 ’

126 3858 248 3942 ιιιιω,ὀῑ
268 3871 434 3952 superbiam
454 3894 561 3940 causae
583 3893 655 3939 strae
677 3871 842 3937 admiscuit.
870 3870 1010 3938 Narravit
1026 3872 1103 3938 euim
1121 3875 1199 3957 regi,

126 3971 262 4054 popninru
290 3972 432 4053 quendam
460 3990 525 4038 esse
547 3996 600 4057 per
620 3983 710 4036 totam
730 3972 884 4052 imperium
909 3973 1096 4064 dippersump
1116 3997 1200 4042 enm·

94 4057 99 4070 ⁸
127 4093 181 4155 qno
201 4074 335 4156 populum
358 4093 416 4136 uon
434 4072 529 4138 solnm
546 4079 586 4140 ab
608 4075 739 4138 omnibns
761 4074 865 4142 ceteris
886 4077 1033 4142 diversum
1050 4098 1128 4158 esse,
1146 4079 1201 4141 sed
1244 4085 1250 4108 ⁸

123 4175 240 4257 legibus
263 4163 350 4242 etiam
364 4177 447 4258 regis
468 4195 526 4239 nou
544 4169 760 4258 obtemperare,
784 4199 909 4260 quare-c
930 4199 962 4242 rc
983 4179 1100 4261 publiea
1119 4185 1198 4257 esse,
1233 4261 1235 4270 .

125 4283 152 4350 si
178 4292 244 4346 rex*
260 4285 337 4346 huuc
362 4283 503 4363 populum
527 4284 659 4347 emedio
687 4283 749 4346 tolli
776 4283 887 4356 iuberet
913 4285 967 4365 (3,
988 4282 1049 4364 8.).
1092 4279 1128 4344 Si
1147 4279 1199 4342 iu·
1270 4303 1274 4311 ·

123 4377 260 4447 dacorum
272 4385 444 4465 'peculiares
466 4395 606 4450 moreest
622 4377 846 4452 'consuetudines
860 4385 1010 4449 uobiscum
1021 4391 1197 4465 reputamus,
1329 4427 1332 4434 ,

124 4495 154 4552 et
179 4487 391 4551 Romanorum<
409 4488 841 4578 comparamusdeseriptiones
868 4483 916 4573 (v.
934 4485 1033 4552 Tacit.
1054 4483 1132 4555 Hist.
1161 4487 1197 4554 V.
1268 4575 1269 4584 ἵ

600 4597 602 4600 .
969 4591 992 4658 3
1014 4589 1032 4630 Ι
